1794 2933
484 143 611 222 '214
819 139 1400 203 CoMPENDmM

484 252 584 302 tur
606 253 653 300 ².
737 241 852 301 Alii
896 255 1086 299 autem
1114 240 1423 320 juratores,
1466 253 1532 302 ut
1572 241 1690 304 hoe
1747 271 1759 303 fa

490 322 679 382 obiter
703 322 903 382 addam
920 366 941 398 ,
982 338 1174 400 erant,
1217 322 1315 402 qui
1344 322 1579 404 portum
1607 324 1693 384 in-‘

492 417 702 464 trantes
743 402 814 461 de
868 403 1101 463 nomine
1140 403 1238 463 suo
1265 448 1286 480 ,
1356 402 1427 463 de
1466 405 1646 485 patria
1672 449 1693 482 ‚

496 484 568 544 de
597 483 912 562 mercibus,
957 506 1091 565 quas
1116 483 1370 544 ferebant
1387 529 1406 562 ‚
1449 485 1691 545 interro-

497 565 755 647 gabant3
806 587 1050 648 quorum
1092 568 1352 626 meminit
1394 567 1572 626 modo
1614 567 1696 625 ci-
1763 567 1769 602 5

500 662 648 705 tatus
689 648 924 708 Plautus
953 651 1008 708 in
1050 647 1349 707 Trinummo
1393 651 1468 706 A.
1505 669 1591 706 1v.
1638 649 1697 708 S.
1761 685 1766 690 -

509 747 602 785 11.
645 726 728 805 vs
765 747 854 809 30.
911 726 1090 810 poffes
1129 750 1223 787 eos
1264 727 1434 787 hodie
1477 727 1701 787 Gallice

501 806 726 886 dicere,
770 809 856 869 des
887 812 1093 869 commis
1121 811 1182 868 de
1215 810 1500 869 recherche.
1588 809 1701 870 Sed

505 910 540 948 e
568 888 906 950 diverticulo
934 892 995 949 in
1020 892 1188 951 viam.
1259 891 1465 948 Tertio
1493 890 1704 971 igitur,

504 972 676 1030 etiam
704 993 775 1031 ex
819 972 1020 1032 tabulis
1060 969 1340 1031 accusatio
1380 970 1708 1032 institueba-

509 1066 603 1110 tur
630 1096 650 1128 ,
708 1074 946 1133 quarum
988 1054 1219 1112 nomine
1261 1074 1432 1111 omne
1471 1051 1709 1132 scriptu·
1775 1055 1777 1060 ’

512 1153 701 1192 rarum
730 1139 906 1214 genus
932 1136 1123 1211 venit,
1167 1154 1282 1213 quo
1312 1132 1491 1191 cauffa
1519 1133 1710 1192 firma·
1769 1162 1773 1170 ¹

514 1214 563 1272 ri
591 1216 810 1296 potest:
856 1233 955 1294 ut,
998 1236 1087 1275 ex.
1116 1235 1217 1295 gr,
1261 1213 1481 1273 tabulae
1507 1213 1621 1273 dati
1650 1214 1713 1274 δε

515 1292 747 1376 expensi
779 1325 800 1368 3
861 1296 1082 1355 tabulae
1125 1293 1494 1354 auctionariae
1525 1295 1581 1371 b,
1626 1310 1712 1354 ta-

515 1373 680 1435 bulae
734 1377 1180 1459 argentariorum
1215 1388 1254 1435 ⁶.
1351 1377 1462 1435 His
1501 1375 1716 1457 produ·

514 1455 618 1515 &is
658 1458 948 1517 accusator
987 1457 1212 1517 dicebat
1253 1457 1506 1516 oratione
1534 1456 1603 1515 ad
1629 1457 1715 1516 in-
1778 1455 1783 1474 ³

515 1536 743 1598 ferenda
770 1538 830 1598 &
870 1538 1125 1620 augenda
1167 1538 1402 1597 crimina
1442 1537 1717 1596 artificio-

519 1616 575 1677 se
616 1618 969 1702 compofita3
1017 1621 1109 1678 cui
1150 1621 1376 1700 patroni·
1402 1619 1479 1677 rei
1521 1617 1715 1677 defen-

527 1697 745 1759 fionem
786 1701 855 1760 ad
897 1700 1333 1760 misericordiam
1375 1698 1718 1758 movendam

527 1779 734 1841 fastam
776 1781 1144 1863 opponebant
1175 1804 1189 1840 ε
1233 1781 1455 1859 itaque,
1499 1795 1720 1859 praeter
1768 1783 1771 1791 ⁴

527 1861 848 1921 testimonia
863 1906 883 1937 ,
898 1862 1066 1921 etiarn
1094 1876 1427 1942 argumenta
1454 1862 1632 1940 petita
1648 1882 1721 1919 ex

529 1942 647 2000 vita
686 1942 936 2002 anteacta
978 1944 1056 2002 rei
1085 1988 1104 2020 ‚
1147 1958 1275 2000 tum
1317 1941 1670 2021 conjecturas
1701 1985 1722 2018 ,
1769 1959 1778 1999 ·.

530 2019 897 2103 suspiciones,
944 2024 1059 2082 &o
1103 2021 1410 2082 addebant:
1459 2022 1518 2081 δί
1562 2043 1721 2102 prae-

530 2104 700 2184 cipue
728 2105 788 2163 in
816 2105 1172 2186 peroratione
1208 2103 1470 2185 judicum
1511 2104 1726 2161 animos

534 2183 763 2253 flectere
803 2185 1170 2244 conabantur.
1267 2186 1493 2244 Praeter
1533 2199 1725 2262 patro-

538 2285 641 2324 nos
682 2287 806 2326 reus
846 2269 1016 2326 etiam
1057 2266 1392 2346 plerumque
1431 2265 1730 2401 laudWOffS

1566 2364 1637 2402 ex
1682 2364 1729 2400 1-

535 2504 561 2538 a
595 2491 743 2539 Plaut.
772 2493 886 2540 Prol.
909 2496 1032 2541 Pom.
1051 2494 1117 2554 vs.
1146 2490 1220 2553 58.
1250 2497 1383 2536 senec.
1405 2476 1618 2550 Apoceloc.
1637 2488 1734 2536 init.
1780 2547 1782 2549 ‚

602 2555 631 2602 b
680 2556 770 2602 Cic.
809 2558 944 2606 Catil.
976 2572 1044 2607 ιι.
1077 2572 1110 2606 c.
1134 2555 1178 2604 8.
1209 2553 1273 2605 Id.
1309 2558 1473 2616 Agrar.
1499 2566 1571 2603 η.
1604 2568 1638 2600 c.
1658 2567 1734 2613 25.

601 2633 627 2665 c
655 2618 845 2682 Qintil.
866 2637 941 2670 xx.
962 2635 1008 2670 2.
