1721 2933
587 96 1122 160 INDEX

116 195 453 263 Solisternia,
489 212 545 248 v.
572 194 876 248 sellisternia
903 210 1096 261 quaet
1066 195 1182 247 fint.
1499 206 1600 273 360

113 270 475 332 Solitaurilia,
515 270 598 317 vel
629 265 1000 318 suovetaurilia
1032 280 1184 329 quae.
1533 277 1600 345 63

117 339 409 392 Sordidum
441 306 673 389 h’abitum
709 337 976 387 sumebant
1005 352 1056 386 re
1063 335 1096 385 i.
1359 355 1475 394 212..
1500 360 1594 396 221

116 409 342 462 Sortitio
381 410 619 471 iudicum
657 408 935 470 quomodo
965 407 1128 460 fieret.
1500 431 1600 467 212

114 481 311 538 Σῶστραι
344 478 591 530 sacrificia
613 492 743 542 quae
769 475 983 531 fuerint.
1499 499 1598 552 373

119 552 332 610 Σωτῆρες
357 549 452 598 θεοῖ
1477 557 1604 622 ,306

121 619 368 689 δρεᾶαῑε
395 620 448 668 in
476 614 695 683 Equite:
742 633 835 698 pro
866 619 917 671 in
951 618 1368 684 quatuordecim.
1497 621 1603 689 428

120 688 333 757 Spefflo
361 703 620 757 augurum
650 689 858 755 proprie
889 702 1013 742 erat.
1499 709 1563 762 3..
1540 711 1600 746 22

120 760 253 827 Spes
276 756 411 810 Dea.
1501 767 1603 832 303

121 830 194 898 Sp
201 831 283 881 ina
310 831 362 881 in
388 829 550 880 circo.
1507 835 1608 903 396

119 900 386 964 Splendor
420 897 674 965 Equitum
703 900 957 969 proprius.
1538 922 1606 971 42.

120 971 306 1040 Spolia
329 970 538 1021 aedibus
566 975 731 1025 affixa
1502 988 1610 1042 494

300 1041 499 1106 Opima
530 1058 678 1105 quae.
1503 1060 1610 1110 495

123 1111 447 1179 spoliarium
476 1113 599 1176 quid
628 1111 801 1164 fuerit.
1504 1131 1610 1181 415

122 1182 359 1249 Spongia
389 1179 708 1234 Samnitium
739 1179 860 1248 quid
890 1180 1062 1233 fuerit.
1505 1182 1611 1250 418

123 1253 400 1318 Sponsalia
422 1268 554 1317 quae
583 1254 796 1305 fuerint.
1508 1271 1605 1320 541

126 1322 367 1376 Stadium
396 1336 527 1386 quae
550 1324 809 1374 mensura.
1508 1340 1613 1392 540

126 1394 278 1447 Stare
305 1392 491 1444 dicitur
521 1392 831 1457 comoedia,
870 1406 1000 1456 quae
1032 1392 1215 1456 placet
1507 1410 1604 1463 431

123 1486 268 1502 -n—-—
306 1463 358 1513 in
390 1462 513 1513 statu
540 1462 603 1514 de
633 1464 998 1531 gladiatoribus
1031 1459 1249 1513 dietum.
1507 1479 1616 1531 420

127 1534 366 1592 Στάσιμον
399 1536 552 1599 quale
575 1549 789 1585 carmen
813 1532 988 1583 fuerit.
1506 1550 1614 1602 430

130 1605 322 1660 Στατῆρ
357 1618 609 1655 nummus
640 1604 795 1656 uude.
833 1600 961 1669 Ejus
993 1606 1161 1655 valor.
1373 1616 1493 1671 530.
1512 1620 1609 1674 531

130 1673 262 1725 Stati
291 1674 398 1724 dies
431 1674 536 1737 qui.
1519 1689 1618 1742 392

130 1741 369 1797 Statilius
408 1741 618 1796 Taurus
666 1742 896 1810 primum
924 1742 1362 1809 amphitheatrum
1390 1758 1418 1793 e
1452 1745 1620 1812 lapide

344 1814 538 1865 struxit.
1561 1830 1615 1866 11

134 1879 335 1936 Stativa
364 1884 561 1951 (castra)
589 1899 717 1950 quae
745 1882 958 1934 fuerint.
1514 1831 1622 1950 270

137 1952 371 2004 stativae
398 1954 554 2006 feriae
585 1971 735 2019 quae.
1521 1954 1622 2022 387

135 2021 352 2077 Statuae
381 2025 514 2089 ipsae
549 2023 641 2075 Dii
673 2021 861 2074 diotae.
1522 2039 1623 2092 359

318 2093 596 2159 quomodo
622 2098 810 2146 cultae.
1497 2094 1622 2146 inid.

138 2163 419 2217 Stellatina
449 2167 627 2215 tribus.
1564 2180 1624 2233 13

134 2235 398 2288 Στέλλειν,
429 2235 779 2294 περιστέλλειν,
810 2233 1087 2282 συστέλλειν
1120 2247 1216 2300 pro
1246 2230 1492 2299 sepelire..
1525 2234 1625 2301 587

141 2305 294 2356 Sterc
321 2307 434 2355 {tius
469 2311 623 2357 Deus.
1522 2321 1627 2375 307

140 2373 489 2435 Στεφᾱνῆφὸροι
527 2375 647 2426 ἀὶἑὶί
686 2375 971 2429 Flamines.
1525 2391 1626 2452 335

144 2445 337 2497 Stilico
365 2448 523 2496 libros
552 2444 841 2512 Sibyllinos
871 2442 1168 2498 combuffit.
1525 2444 1627 2513 328

144 2513 416 2584 Stipendia
441 2529 572 2582 quot
608 2517 831 2587 quisque
861 2517 1128 2572 conficere
1157 2512 1384 2566 deberet.
1523 2530 1635 2637 439
