1794 2933
525 143 637 213 176
826 131 1424 192 COMPENDIUM
1750 107 1765 156 ’ᾗ

518 229 772 291 bernales
793 230 859 302 ²)
904 230 1356 289 decernebantur:
1429 248 1615 291 ornare
1668 257 1730 292 e-

524 313 649 374 nim
689 311 848 391 saepe
889 309 1030 370 nihil
1073 308 1223 370 aliud
1263 309 1345 370 est
1370 352 1391 385 ‚
1446 331 1618 392 quam
1643 318 1725 373 in-
1756 370 1757 373 ,

509 395 717 475 struere
744 391 786 449 ¹³.
870 389 1319 451 Contubernales
1358 405 1550 451 autem
1589 415 1725 475 pro-

520 476 644 558 prie
669 471 1003 533 dicebantur
1041 471 1415 534 adolescentes
1443 474 1727 553 primarii,

520 558 619 637 qui
648 575 784 614 cum
816 552 1159 614 Praefidibus
1185 553 1375 631 ibant,
1417 569 1483 613 ut
1510 554 1610 614 sub
1624 578 1724 616 eo-

520 656 651 697 rum
693 634 847 717 quafi
889 635 1068 694 oculis
1112 635 1341 695 militiae
1371 635 1724 719 aliorumque

521 738 826 779 munerum
865 715 1182 776 rudimenta
1221 715 1491 776 discerent
1529 730 1567 777 ⁶.
1651 720 1723 782 In

522 821 588 862 ea
616 799 857 859 cohorte
897 813 1179 878 praeterea
1218 814 1374 857 erant
1412 802 1570 858 amici
1609 801 1724 859 Im-

511 884 815 962 peratoris,
857 880 1007 961 iique
1033 880 1168 940 varii
1185 878 1421 960 gradn8‚
1462 878 1541 938 ita
1555 900 1619 940 ut
1633 881 1724 942 vel
1792 877 1794 883 Α

511 968 722 1043 primae
748 1006 768 1039 ‚
812 960 904 1022 vel
916 962 1174 1040 secundae
1198 1004 1219 1037 ,
1274 959 1369 1020 vcl
1410 964 1600 1022 tertiae
1626 966 1725 1022 ad-

524 1046 764 1119 miffiom's
806 1041 1128 1104 dicerentur
1153 1042 1212 1117 d,
1256 1062 1397 1122 quos
1427 1041 1584 1101 Galli
1616 1043 1724 1104 ho·
1784 1069 1789 1080 ·

525 1125 616 1184 die
643 1125 895 1183 dicerent
935 1126 1005 1182 clu
1026 1126 1203 1204 grand
1227 1123 1295 1188 ἐξ
1337 1125 1408 1182 du
1425 1127 1564 1200 petit
1605 1146 1722 1184 cou-

524 1207 647 1266 cher
673 1249 694 1282 ‚
752 1225 813 1263 ott
840 1208 984 1264 lever
1012 1233 1031 1276 3
1091 1206 1188 1285 qui
1213 1202 1425 1262 scilicet
1454 1206 1532 1264 ita
1558 1203 1720 1266 fami-
1790 1232 1794 1274 T

526 1286 683 1346 liares
710 1284 835 1344 sunt
879 1283 1153 1361 Praefidi,
1195 1285 1286 1345 vel
1314 1286 1566 1365 Principi
1591 1284 1724 1364 su0‚

533 1384 601 1428 ut
639 1366 743 1448 ipfi
771 1365 1032 1426 cubitum
1072 1366 1275 1442 eunti,
1330 1365 1421 1426 vel
1449 1366 1598 1426 lecto
1624 1388 1726 1429 ex-

527 1448 810 1529 surgenti,
854 1447 1033 1507 adsint
1065 1470 1076 1506 :
1133 1448 1274 1507 olim
1300 1448 1470 1507 etiam
1502 1449 1731 1508 Comites
1793 1448 1794 1453 ’

529 1530 657 1589 sunt
683 1528 819 1588 dieti
850 1542 888 1587 e.
974 1529 1104 1587 Post
1145 1529 1284 1588 haec
1315 1527 1622 1588 Proconsul
1646 1528 1726 1590 sa-

526 1611 635 1670 cris
661 1610 720 1670 in
749 1608 1041 1688 Capitolio
1086 1609 1191 1668 rite
1219 1608 1451 1690 peractis
1479 1610 1726 1670 Paluda-

525 1706 613 1750 tus
657 1691 795 1768 (hoc
823 1690 904 1749 est
931 1734 949 1765 ,
983 1693 1352 1767 paludamento
1380 1735 1399 1767 ,
1457 1710 1599 1770 quae
1627 1711 1726 1750 ve·-

526 1772 620 1830 stis
635 1789 752 1831 erat
766 1771 1123 1852 imperatoria
1153 1771 1172 1810 f
1190 1814 1209 1846 ,
1225 1769 1471 1843 indutus)
1515 1772 1574 1831 in
1591 1792 1726 1851 pro-

525 1853 734 1912 vincias
804 1849 1267 1932 proficiscebatur
1305 1863 1365 1927 ἔ,
1434 1850 1727 1912 lictoribus
1792 1884 1794 1888 Α

523 1926 659 1991 ευιῇ
686 1931 950 2007 fascibu8‚
997 1931 1057 1990 ὃς
1085 1929 1364 1990 securibus
1389 1930 1726 2012 adsupmtis‚

525 2011 587 2072 &
627 2013 818 2071 amicis
858 2014 1143 2093 aliquanto
1185 2011 1363 2091 spatio
1405 2027 1565 2072 extra
1612 2012 1726 2072 Ur-

523 2220 550 2255 a
584 2204 673 2253 Vid.
694 2214 808 2255 Suet.
825 2206 926 2264 Ju‘l.
949 2223 981 2253 c.
1004 2219 1048 2251 2.
1126 2207 1154 2253 b
1187 2206 1276 2254 Cic.
1295 2206 1342 2254 in
1365 2211 1479 2250 Verr.
1514 2207 1567 2251 L.
1594 2216 1667 2250 1v.
1695 2218 1753 2250 es

593 2284 668 2317 20.
690 2287 744 2321 ω·
754 2271 871 2332 saepe
895 2270 1011 2317 alibi.
1088 2284 1112 2317 c
1146 2272 1235 2316 Cic.
1252 2281 1326 2330 pro
1348 2267 1464 2314 Cael.
1484 2280 1517 2312 c.
1541 2279 1618 2326 30.
1662 2266 1730 2314 Id.
1751 2268 1759 2279 ”

585 2344 659 2394 pro
684 2334 831 2380 Plane.
861 2350 895 2381 c.
930 2349 997 2380 11.
1020 2334 1152 2382 Tacit.
1184 2333 1332 2393 Agric.
1362 2347 1395 2377 c.
1424 2345 1467 2388 7.
1533 2330 1562 2377 d
1594 2337 1734 2378 Senec-

594 2398 641 2443 de
660 2396 789 2453 benef·
816 2411 889 2443 vr.
916 2412 947 2443 c.
971 2409 1044 2457 33·
1069 2404 1183 2442 Suet.
1211 2397 1323 2455 Vesp.
1345 2410 1378 2441 c.
1410 2408 1477 2452 14.
1573 2408 1599 2440 e
1631 2393 1659 2438 l.
1682 2406 1730 2451 4.

581 2458 637 2521 ff
657 2461 703 2506 de
732 2460 798 2520 off.
829 2460 939 2520 assefi
974 2463 1004 2504 ί.
1038 2461 1103 2505 16.
1137 2459 1185 2504 de
1214 2457 1277 2520 off.
1301 2457 1440 2518 Praefi
1506 2455 1532 2502 f
1557 2457 1746 2522 Juven„

589 2538 663 2569 vr.
687 2524 753 2583 vs.
778 2537 885 2581 400.
917 2522 1006 2569 Cic.
1039 2530 1154 2568 Verr.
1184 2529 1234 2569 L.
1257 2537 1302 2568 v.
1343 2538 1378 2567 c.
1418 2533 1488 2581 13.
1551 2534 1582 2583 g
1614 2519 1746 2625 Dia-1

585 2586 701 2634 rium
723 2599 845 2635 vatus
867 2597 935 2650 ap.
959 2584 1083 2649 Pigh.
1103 2585 1165 2633 ad
1186 2590 1251 2635 A.
1277 2592 1323 2633 U.
1356 2583 1461 2647 585.
1741 2646 1744 2688 I

1738 2856 1740 2880 4

1737 2902 1740 2915 ι

1736 2834 1753 2933 ,Ι
