1690 2933
454 97 1185 174 PRAEFATIO.

51 264 400 334 Sacrorum
438 307 459 339 ,
500 257 650 348 five
712 256 1052 326 variorum
1113 255 1403 330 ordinum
1459 261 1547 341 όν

46 358 391 428 ,variorum
439 352 737 420 ‘Deorum
789 351 1234 422 Sacerdotibus
1271 381 1294 419 .·
1357 365 1548 448 caput

43 451 186 518 ‘111.
226 448 300 517 de
333 443 569 515 ritibus
605 498 633 525 ,
695 446 926 533 quibus
974 446 1145 512 ‘Diis
1186 445 1382 532 sacra
1426 452 1548 534 fa.

40 538 509 629 ‘confilebant
605 537 738 607 Sed
778 540 927 630 quia
975 538 1068 605 aa'
1093 534 1445 622 Pontifices
1482 562 1546 606 e-

56 637 219 702 tiam
234 630 577 724 speffabat
628 628 942 700 ordinatio
975 629 1304 723 Temporis
1343 677 1362 708 ‚
1428 631 1543 700 ud-'

55 723 333 794 didimus
382 723 532 791 huic
560 719 831 814 seitioui
876 738 1066 813 caput
1113 737 1421 816 quartum
1465 722 1545 807 de

59 818 248 888 Anno
285 864 307 898 ,
356 815 680 897 Menfi‘bus
715 863 737 896 ,
802 815 871 888 ἐξ
905 818 978 884 de
1018 812 1292 885 Dierum
1326 816 1548 902 discri-

59 912 246 978 mine.
341 910 654 999 Deuique
702 906 939 977 claudit
987 909 1147 976 hanc
1197 907 1544 977 Sei‘t'ionem

61 1003 270 1094 Caput
304 1002 594 1093 quintum
630 1000 699 1075 ἐς
715 1000 888 1090 satis
938 1002 1183 1091 longum
1212 999 1289 1069 de
1338 1000 1547 1083 Ludis

20 1096 484 1177 :Romanorum
512 1118 540 1170 ;
591 1092 759 1186 (qui
806 1093 1156 1187 fizepiſjime
1222 1096 1288 1160 in
1357 1093 1548 1162 hono·

20 1187 194 1254 ‘rem
253 1185 541 1254 Deorum
573 1185 883 1274 fiebant)
951 1208 1218 1277 quorum
1265 1188 1547 1277 explica-

58 1281 146 1348 tio
182 1278 404 1370 nostris
435 1278 683 1370 quidem
694 1278 1010 1370 spectatis
1046 1279 1421 1371 temporibus
1459 1278 1546 1356 ὢ

16 1434 17 1437 ,
59 1372 329 1440 moribus
359 1374 521 1440 levis
565 1375 860 1440 momenti
889 1370 1120 1441 haberi
1145 1369 1322 1463 poffit
1361 1402 1379 1451 ;
1422 1370 1555 1462 sed

14 1491 15 1494 ¹
58 1467 170 1555 qui
198 1465 377 1556 apud
394 1465 706 1534 Romanos
741 1461 864 1555 (Ι)
906 1482 1082 1533 iuter
1117 1487 1218 1533 res
1268 1467 1547 1534 maxime

10 1554 13 1641 1
42 1559 256 1646 serias
302 1555 817 1628 numerabantur.
910 1557 1048 1626 Imo
1086 1560 1153 1626 in
1205 1559 1379 1624 Aeta
1413 1559 1546 1626 Ur·

7 1739 9 1742 Α
59 1649 159 1717 bis
190 1647 631 1742 referebatur,
680 1673 796 1742 quo
825 1665 1181 1742 apparatu,
1229 1648 1550 1743 quibusve

0 1748 7 1826 Ι
40 1739 401 1835 sumptibus
447 1742 516 1810 hi
572 1740 708 1812 ludi
768 1743 962 1837 essent
1014 1744 1188 1812 editi.
1287 1742 1394 1811 Ea
1428 1765 1545 1811 au·

0 1906 3 1909 ,
61 1849 187 1903 tem
219 1853 369 1926 pars
404 1835 597 1929 hujus
628 1838 854 1928 capitis
876 1885 895 1916 ,
943 1860 1103 1927 quae
1131 1839 1265 1928 agit
1291 1836 1362 1904 de
1384 1837 1546 1902 Am-

46 1926 430 2018 phitheatro
461 1975 485 2007 ,
547 1929 616 2003 {ej
662 1931 736 1998 de
770 1929 1259 1999 Gladiatoribus
1293 1981 1310 2005 ,
1364 1943 1537 2005 totae,

66 2033 142 2086 ut
175 2021 434 2112 ingenue
448 2019 685 2114 fatear
724 2071 744 2105 ‚
812 2047 894 2092 ex
929 2023 1129 2114 Lipsti
1163 2021 1344 2090 libris
1394 2019 1546 2090 duo-

63 2110 178 2179 bus
242 2115 679 2183 Saturnalium
743 2119 1136 2184 Sermonum
1167 2167 1184 2193 ‚
1254 2114 1323 2186 {³9⁴
1386 2114 1548 2181 libro

65 2203 149 2270 de
185 2205 699 2297 Amphitheatro
735 2208 818 2298 est
851 2224 1194 2299 excerpta,
1238 2207 1366 2296 uist
1383 2202 1546 2298 quod

46 2293 230 2385 forte
259 2301 549 2390 paucula
612 2303 678 2369 iu
739 2305 861 2371 hac
917 2301 1182 2372 editione
1234 2325 1318 2369 ex
1347 2297 1543 2388 nostro

17 2559 19 2561 .
138 2514 212 2580 (ι)
251 2513 371 2571 Cic,
403 2518 466 2572 ad
499 2517 869 2573 Fam11.11.8‚
