1794 2933
340 153 702 230 ANTIQJIT.
743 158 1019 226 ROMAN.
1172 160 1282 253 38³1

87 261 163 309 eo
200 249 388 310 mense
427 250 656 312 fuerunt
698 257 975 322 celebrata
997 274 1042 324 ².
1128 269 1285 336 Cum

92 347 227 393 vero
256 352 429 391 annus
468 331 652 392 solan's
693 339 944 405 lunarem
986 356 1286 428 quotannis

90 412 357 472 undecim
398 412 594 474 diebus
618 458 639 491 ,
691 419 753 479 &
807 443 1002 506 quarta
1056 434 1283 498 circiter

88 492 196 552 diei
237 510 394 576 parte
435 493 746 578 superaret,
780 505 1006 587 fingulis
1048 512 1283 580 bienniis

89 575 289 636 menfis
342 577 686 640 interkalaris
726 583 835 644 fuit
876 590 1106 655 insertus
1148 602 1278 679 post

88 655 239 717 diem
279 656 616 738 vigefimum
661 666 894 728 tertium
935 673 1223 741 Februarii
1252 728 1274 761 ‚

90 740 187 817 qui
227 738 519 798 dicebatur
571 743 945 810 IVIerkedonius
983 798 1003 830 ‚
1060 757 1122 817 &
1161 784 1279 824 uno

90 817 318 880 biennio
347 820 548 902 viginti
575 821 795 888 duobus
823 875 844 906 ‚
885 831 1063 894 altero
1089 843 1274 925 vigin-

90 900 135 957 ti
160 901 336 961 tribus
365 900 556 962 diebus
599 907 887 971 constabat
917 938 931 974 τ
977 921 1039 982 &
1079 942 1109 981 a
1149 927 1278 988 Dea

21 1027 23 1030 .
88 981 414 1043 Merkedoncz
438 1027 459 1059 ,
500 1004 646 1064 quae
681 997 993 1059 mercedibus
1034 1002 1096 1064 ὃς
1135 1026 1276 1085 pen.

88 1059 332 1123 fionibus
343 1065 609 1143 solvendis
635 1089 884 1149 praeerat
897 1121 917 1153 ,
932 1101 1142 1144 nomen
1169 1087 1269 1148 ha-

87 1140 221 1202 bere
247 1145 495 1206 creditur
520 1145 562 1208 b.
645 1152 729 1211 At
769 1175 903 1218 cum
944 1161 1002 1222 in
1030 1185 1100 1225 eo
1129 1189 1265 1247 pec-

87 1224 251 1285 cafl'et
279 1227 480 1288 Numa
507 1274 528 1307 ‚
572 1233 728 1312 quod
754 1255 964 1300 annum
992 1244 1147 1307 hunc
1177 1251 1265 1310 lu-

82 1324 272 1366 narem
299 1328 414 1368 uno
442 1309 532 1370 die
551 1311 706 1393 justo
747 1315 1067 1401 longiorem
1107 1329 1266 1392 fecis·

79 1382 161 1444 set
186 1430 207 1462 ‚
249 1389 425 1449 rursus
465 1392 604 1452 haec
643 1399 770 1456 anni
811 1399 992 1466 forma
1031 1429 1061 1466 a
1102 1414 1264 1475 cursu

82 1466 228 1528 Solis
254 1470 471 1531 receffit
502 1496 515 1532 τ
559 1474 747 1555 itaque
773 1480 1092 1549 institutum
1120 1493 1264 1572 fuit,

81 1547 195 1608 five
220 1571 250 1609 a
281 1552 475 1614 Sewio
503 1555 705 1616 Tullio
731 1562 936 1644 Rege,
954 1566 1075 1629 five
1096 1594 1126 1632 a
1143 1575 1265 1636 De-

80 1632 368 1692 cem-viris
395 1678 415 1712 ‚
471 1653 539 1695 ut
582 1638 857 1720 vigefimo
899 1653 1071 1712 tertio
1098 1696 1117 1726 ‚
1172 1659 1263 1718 vel

80 1710 353 1792 vigefimo
383 1732 582 1797 quarto
610 1741 837 1802 quoque
864 1748 1010 1790 anno
1026 1735 1265 1798 Merke-

78 1790 278 1852 donius
303 1796 503 1856 menfis
530 1810 552 1837 ⁶
582 1803 958 1869 omitteretur.
1003 1813 1113 1874 Sed
1130 1838 1265 1881 cum

80 1872 217 1932 haec
258 1874 614 1939 interkalatio
656 1883 868 1947 arbitrii
908 1892 1264 1962 Pontificum

80 1952 212 2013 effet
239 1952 297 2033 d,
339 1957 414 2016 ini
444 1981 550 2038 pro
578 1962 806 2026 libidine
834 1969 925 2031 sua
951 1994 1103 2036 nunc
1130 1980 1258 2058 plu-

77 2055 165 2095 res
189 2034 346 2118 saepe
373 2038 486 2100 dics
513 2083 533 2116 ‚
586 2065 738 2106 nunc
767 2054 1056 2129 pauciores
1083 2059 1257 2122 inter-

76 2115 335 2179 kalabant
359 2132 382 2158 θ
413 2150 435 2195 3
479 2124 556 2184 ita
584 2141 647 2185 ut
677 2144 936 2268 tegnpore
967 2136 1093 2196 Iulii
1112 2141 1259 2201 Cae*

629 2211 679 2269 B
1135 2222 1260 2281 saris

79 2370 106 2405 ἢ
134 2350 263 2409 ovi).
286 2364 393 2424 Fast.
420 2380 488 2414 11.
511 2369 579 2419 vs:
600 2385 706 2435 533.
802 2373 832 2423 b
866 2376 956 2427 Vid.
977 2381 1120 2442 scalig.
1147 2383 1194 2430 de
1215 2402 1259 2433 e·

143 2427 278 2472 mend.
306 2434 446 2493 Temp.
466 2439 513 2479 L·
544 2443 603 2483 11.
617 2450 659 2500 p·
690 2454 751 2486 m.
777 2453 880 2498 177.
977 2458 1002 2490 c
1039 2446 1124 2492 Vid.
1149 2454 1251 2495 (ἕψοι

137 2501 240 2535 nov.
269 2493 444 2552 Obsbrv.
482 2511 550 2547 11.
588 2516 623 2548 c.
666 2499 738 2551 18.
833 2503 863 2551 d
898 2512 945 2553 V.
981 2510 1165 2568 Matasp.
1201 2512 1261 2559 ad

141 2551 227 2599 Cic.
246 2557 306 2602 ad
325 2562 417 2605 Aet.
457 2577 499 2620 ς.
521 2579 570 2615 η.
594 2580 641 2623 9.
738 2581 764 2617 e
798 2567 1081 2622 mammut-
1103 2575 1257 2627 adcic.

144 2617 293 2667 famil.
319 2635 423 2672 vxi.
445 2639 486 2673 2.
507 2625 553 2673 in
573 2631 614 2687 s.
