1794 2933
257 123 706 201 ANTIQJITAT.
746 122 1022 186 RoMAN.
1190 147 1276 201 99

0 221 12 293 ’,ί
78 219 179 300 sub
219 221 577 303 Principibus
603 225 833 285 fuerunt
864 220 1136 285 Consules
1176 226 1271 287 ho-

0 308 9 343 ³
79 306 283 362 norarii
320 349 341 382 ,
397 306 494 385 qui
535 326 607 365 ex
651 305 923 368 codicillis
961 321 1187 367 tantum
1243 329 1276 369 a

0 381 6 425 :
82 383 350 468 Principe
389 390 639 468 acceptis
680 386 795 447 hoc
838 408 1050 449 nomen
1078 387 1273 448 conse-

82 464 402 545 quebantur
431 477 471 529 ².

167 557 215 619 §.
259 549 371 610 IV.
417 549 682 630 Antiquis
707 550 1058 630 temporibus
1084 595 1105 628 ,
1163 549 1277 611 five
1302 558 1366 626 De
1397 551 1491 602 aliis
1509 556 1571 602 νὶ-

82 642 215 690 ante
253 631 506 710 primum
544 630 760 691 bellum
802 632 1064 690 Punicum
1091 677 1111 708 9
1156 631 1275 692 Ka·
1293 617 1405 728 Ξὲἂῖἵ
1426 619 1568 680 ⁶⁰⁷²su‘·

84 708 260 781 lendis
304 714 528 772 Martiis
582 711 934 772 consulatum
976 713 1034 771 in
1056 712 1149 773 iffe
1189 714 1274 772 vi·
1338 698 1372 730 η
1399 699 1461 733 ‘⁴⁸’

82 788 291 863 dentur
318 794 342 832 b
369 837 389 869 ‚
433 793 588 875 quod
627 809 817 853 tamen
858 814 976 851 non
1000 792 1122 852 satis
1151 814 1272 854 cer-

88 885 216 931 tum
245 873 326 932 est
354 896 366 932 :
412 873 503 934 sed
531 874 659 955 post
687 874 857 934 A.U.
894 871 1027 951 598.
1057 874 1272 934 Kalen-

84 952 188 1012 dae
208 954 498 1030 Januariae
524 955 658 1013 huic
687 955 765 1013 rei
791 953 1090 1013 destinatae
1131 954 1276 1014 sunt.
1374 978 1462 1028 φ
1515 991 1526 1003 .-

31 1031 33 1041 ⁴
81 1045 105 1074 ⁶
147 1034 238 1093 Eo
265 1035 356 1094 die
382 1035 652 1096 Consules
679 1037 866 1116 primo
893 1056 1058 1094 mane
1098 1057 1130 1094 a
1173 1036 1275 1094 Se-

84 1130 222 1175 natu
250 1115 312 1175 &
338 1117 564 1197 Populo
606 1116 764 1176 domi
803 1115 926 1175 suae
964 1113 1272 1175 salutaban-

25 1188 28 1201 '
79 1210 181 1255 tur
204 1239 225 1271 ‚
268 1217 409 1276 quae
434 1196 749 1258 solemnitas
786 1198 1014 1278 proprie
1053 1196 1277 1271 officium

24 1287 25 1291 ’
81 1276 377 1348 dicebatur
402 1325 423 1357 ‚
467 1301 609 1361 quae
634 1301 752 1346 vox
781 1280 839 1337 in
865 1299 1071 1360 genere
1100 1277 1272 1360 figni-

87 1357 227 1418 ficat
254 1358 346 1436 id,
389 1361 546 1442 quod
574 1359 771 1437 studii,
814 1377 912 1419 aut
939 1360 1124 1419 cultus
1149 1380 1278 1440 gra-

19 1447 20 1451 ’
83 1440 163 1499 tia
189 1440 355 1499 alicui
383 1441 732 1502 exhibemus,
778 1441 992 1522 Estque
1021 1441 1114 1499 hic
1131 1440 1285 1499 actus

12 1605 16 1675 f
68 1603 273 1683 ficlaris
301 1603 501 1665 dictus.
546 1606 612 1666 V
606 1609 677 1667 id.
723 1605 1000 1683 Spanhem.
1044 1604 1292 1678 Diffiertf'

9 1757 11 1761 ,
85 1685 149 1743 de
176 1685 250 1742 P·
283 1685 351 1750 ὅθ
384 1689 454 1744 U.
485 1707 624 1747 num.
653 1705 860 1763 X11.p.
903 1705 1045 1765 457.
1091 1683 1114 1721 ‘³
1140 1682 1273 1742 inde

8 1823 9 1827 ,
87 1765 517 1845 inCapitolium
531 1767 685 1829 ducti
699 1782 829 1827 vota
857 1767 1200 1843 concipiebant
1228 1778 1276 1840 Ε,

0 1898 6 1926 ,
89 1845 154 1905 &
178 1845 355 1907 boves
385 1847 631 1931 fingulos
652 1850 787 1926 Jovi
816 1846 1186 1918 immolabant
1221 1846 1238 1884 f
1253 1872 1277 1916 3

0 1931 5 1966 {.
91 1947 158 1985 ac
199 1927 398 1988 deinde
455 1934 725 1992 Senatum
767 1928 1033 1989 habentes
1075 1944 1280 1988 munus

90 2005 254 2074 suum
280 2007 702 2090 auspicabantur
729 2025 784 2070 g:
819 2012 880 2071 Sc
906 2009 976 2068 de
1003 2009 1149 2070 feriis
1163 2005 1279 2064 La-

707 2092 771 2152 G
1156 2086 1288 2146 tinis

62 2151 125 2224 xa
159 2168 334 2230 Caffiod.
354 2171 516 2220 variar.
538 2179 573 2221 1.
600 2188 671 2220 10.
704 2174 794 2220 vid.
811 2110 983 2219 ssuther
1001 2173 1047 2218 de
1067 2172 1185 2230 Offic.
1208 2171 1285 2212 do·

160 2251 258 2281 mus
293 2241 410 2297 Aug.
442 2243 491 2283 L.
530 2251 567 2284 1.
589 2255 622 2284 c.
657 2250 726 2292 ¹3·
820 2236 850 2283 b
883 2235 1014 2281 Ovid.
1038 2237 1148 2292 Fast.
1180 2247 1283 2294 ¹¹10.

161 2298 230 2360 vs.
261 2312 365 2356 147.
461 2315 486 2348 c
521 2302 610 2347 Vid.
634 2303 732 2347 Liv.
756 2302 868 2359 Epic.
902 2313 977 2357 47.
1008 2298 1137 2346 Ovid.
1172 2295 1285 2351 Fast.

167 2375 212 2411 1.
234 2363 300 2424 vs.
323 2360 400 2410 81.
498 2378 524 2411 c
556 2364 686 2410 ovid.
710 2364 758 2410 de
779 2374 902 2411 Pom.
928 2361 1092 2413 1v.El.
1119 2377 1189 2410 ιν.
1219 2380 1251 2407 v
1277 2397 1289 2409 .

159 2439 237 2479 42..
334 2441 361 2473 e
394 2426 486 2477 Vid.
504 2435 681 2489 Lampr.
699 2429 857 2490 Heliog.
880 2444 914 2474 c.
942 2443 1011 2489 15.
1110 2425 1135 2472 f
1162 2425 1294 2475 ovid.

160 2489 211 2534 de
239 2497 362 2537 Pom.
398 2506 470 2539 ιν.
505 2491 574 2539 El.
615 2507 685 2538 xx.
718 2497 785 2550 vj?
819 2508 894 2552 29.
988 2507 1019 2554 g
1055 2491 1145 2538 vid.
1178 2507 1295 2543 omn.

164 2551 270 2603 Liv.
289 2568 396 2606 xx1.
445 2572 482 2605 c.
503 2557 581 2619 63.
599 2570 652 2609 ο·
674 2571 811 2607 xxxx.
838 2573 873 2606 c.
901 2570 941 2608 ι.
961 2570 1099 2606 xxvx.
1123 2554 1201 2603 26.

85 1521 486 1602 posterioribus
501 1523 854 1605 temporibus
875 1524 1126 1600 procedas
1144 1524 1188 1579 C
1191 1543 1280 1580 on·
1300 1523 1343 1590 ζ
1366 1528 1408 1588 {T
1422 1548 1460 1566 s
1673 1582 1676 1584 v
1695 1595 1698 1599 Ι
