1794 2933
262 181 621 254 ANTIQJIT.
662 181 937 241 RoMAN.
1102 198 1223 261 249

1 274 231 343 ⁴«nenfis
258 277 406 360 apud
463 277 832 338 Athenienses
877 279 1225 350 Ανὲεστηριῶν

4 376 304 438 vocatur,
362 357 520 441 quod
562 357 677 418 hoc
719 375 981 440 ternpore
1022 361 1228 421 cuncssh

2 462 7 524 3
13 441 299 520 florescant
326 453 367 501 ².

2 549 8 592 1
113 523 353 583 Veneris
381 520 620 580 comites
649 519 711 579 ὃς
740 521 842 580 filii
872 521 1101 582 fuerunt
1132 546 1223 604 ge-

31 607 164 663 mini
233 604 511 681 Cupidines
567 601 707 660 Eros
764 603 825 661 &
895 608 1124 663 Anteros
1150 606 1175 644 ¹²
1204 649 1225 681 ‚

32 684 236 766 quibus
299 684 583 765 eleganter
633 681 985 764 significatur
1010 729 1028 760 ,
1085 707 1230 745 amo-

33 787 145 824 rem
175 809 196 841 ‚
268 769 364 844 nist
405 778 615 823 mutuus
653 769 733 842 stt
761 808 780 840 ,
823 764 1092 844 subststere
1135 789 1232 826 non

8 848 182 925 {poffiin
265 847 351 905 Hi
381 843 679 925 finguntur
708 845 768 903 &
795 847 1110 926 pinguntur
1127 867 1230 923 pu-

9 931 112 986 eri
124 954 144 998 3
243 927 333 985 uia
373 942 620 985 amantes
666 930 843 1002 pueris
899 926 1233 1008 plerumque

11 1008 133 1068 vix
202 947 326 1066 punt
394 1005 748 1087 sapientiores
790 1020 810 1045 ⁶
840 1035 860 1078 5
937 1005 1235 1088 finguntur

12 1089 163 1148 nudi
190 1087 259 1147 ad
288 1089 590 1168 puritatem
607 1131 626 1163 ‚
669 1090 806 1146 alati
846 1087 917 1147 ad
945 1088 1235 1150 levitatem

35 1170 349 1228 amantium
422 1167 849 1249 significandam
878 1197 898 1241 5
971 1171 1060 1230 vel
1126 1173 1231 1230 eti-

14 1268 168 1328 am,
247 1251 338 1308 uia
377 1267 623 1310 amantes
665 1251 833 1331 agiles
874 1249 980 1309 esse
1022 1272 1234 1312 conve-

16 1333 171 1391 nit:
238 1333 427 1412 agittis
469 1330 724 1391 instrueti
765 1330 1065 1404 dicuntum
1111 1333 1235 1410 vel,

37 1427 107 1472 ut
160 1411 430 1472 velocitas
483 1413 688 1471 amoris
742 1411 1092 1485 denotetur3
1153 1415 1244 1474 vel

17 1495 216 1553 etiam
258 1492 334 1552 ob
379 1493 639 1552 dolorem
668 1491 727 1570 d,
811 1495 868 1551 ui
913 1514 1042 1553 eum
1084 1494 1243 1575 saepe

20 1574 329 1656 sequitur:
389 1577 655 1653 lampades
709 1516 933 1651 ‘hssbent
960 1619 980 1649 ,
1048 1591 1113 1634 ut
1154 1598 1242 1635 ar-

22 1655 152 1716 dor
215 1656 420 1715 amoris
491 1671 722 1715 notetur
765 1668 786 1694 ⁶
827 1685 847 1727 5
944 1673 1114 1736 atque
1195 1658 1242 1715 i-

21 1735 172 1816 psae
216 1737 387 1856 εῖίἕιῑη
429 1734 658 1818 sagittae
699 1758 898 1797 eorum
942 1737 1133 1798 ardere
1159 1738 1245 1797 di-

24 1833 255 1876 cuntur
316 1864 326 1875 .

25 1959 28 1964 ,
129 1897 278 1978 Tres
321 1901 546 1958 Gratiae
575 1901 747 1960 etiam
790 1900 1031 1960 Veneris
1059 1903 1242 1962 comi-

50 1993 134 2036 tes
186 1977 416 2037 fuerunt
445 1993 501 2055 g,
560 2002 702 2062 quae
757 1981 937 2040 nudae
993 1982 1245 2061 plerum-

27 2068 31 2130 }
91 2078 161 2116 ue
231 2057 529 2137 finguntur
555 2105 576 2136 ‚
646 2063 776 2142 quia
828 2063 1076 2122 amicitia
1132 2064 1247 2123 fine

75 2158 187 2198 uco
242 2139 349 2199 effe
417 2138 586 2199 debet
611 2169 633 2213 5
706 2142 768 2203 ὃζ
808 2142 1062 2202 manibus
1114 2147 1249 2223 jun-

1110 2224 1249 2302 fitis,

31 2328 83 2363 a
113 2317 218 2367 zbid.
379 2318 408 2367 b
465 2326 602 2367 Horat
641 2319 722 2367 od,
757 2335 797 2369 1.
825 2334 896 2381 19.
929 2327 1061 2367 senec.
1097 2321 1276 2382 Hippok-

31 2394 36 2430 ἡ
118 2383 185 2444 vs.
203 2396 307 2443 274·
441 2397 467 2430 c
522 2384 615 2431 rid.
639 2399 754 2432 omn.
792 2392 978 2446 Propert.
1015 2392 1064 2430 L.
1095 2400 1162 2433 11-
1188 2386 1260 2434 El.

33 2492 36 2504 ,
117 2459 169 2506 9.
299 2445 329 2495 d
373 2453 530 2496 Horat.
554 2447 634 2493 od.
664 2460 735 2495 11.
764 2446 809 2496 8.
951 2463 977 2496 e
1032 2450 1264 2497 claudun.

33 2519 38 2555 ·]
119 2509 170 2554 de
191 2522 302 2570 rapt.
339 2511 458 2567 Profi
486 2525 526 2560 1.
550 2512 615 2573 vs.
639 2512 714 2559 26.
843 2512 869 2559 f
913 2521 1052 2559 Horat
1086 2514 1165 2560 od.
1192 2527 1265 2561 11.

36 2622 39 2635 Ι
121 2568 169 2617 8.
199 2572 265 2634 vs.
291 2587 362 2633 14.
495 2590 526 2640 g
580 2575 646 2641 lde
676 2575 759 2644 Qd.
788 2589 827 2627 1·
862 2590 937 2633 xv.
968 2578 1034 2638 vs·
1066 2592 1105 2639 5·
1135 2591 1190 2632 Θ·
1221 2589 1264 2626 10

31 2697 35 2700 ,
119 2637 318 2700 xxx-vfi
347 2653 392 2701 ς·
