1721 2933
230 128 684 208 'AN-riQnTA’r.
724 132 1005 195 RoMAnl
1140 138 1266 215 '575‘

0 255 2 267 1
66 215 258 289 babent
283 273 305 306 ,
360 230 614 308 fidutiam
667 234 909 290 inventus
938 251 958 289 .·
1029 226 1266 290 Graecis

36 311 280 368 ιιῖοθεσιόι
322 308 484 369 ὀίἂει.
568 309 670 369 Est
710 330 897 370 autem
925 309 1016 370 vel
1056 312 1262 388 adoptio

66 393 125 449 in
136 392 304 468 specie
333 394 491 467 talis,
518 391 609 448 vel
634 396 915 470 arrogatio.
959 392 1188 468 Adoptio
1203 395 1262 466 in

34 531 35 540 ,
50 470 221 550 specie
247 475 371 530 talis
399 472 468 548 est
495 491 690 529 eorum
718 515 738 546 ,
755 473 850 549 qui
878 474 938 531 in
965 471 1138 531 aliena
1152 494 1259 554 po-

68 551 265 610 testate
278 551 402 610 sunt
418 594 437 626 ,
454 551 515 609 &
529 573 559 609 a
589 554 756 630 patris
783 552 1042 611 naturalis
1056 551 1264 613 familia

66 631 126 690 in
141 631 394 711 adoptivi
421 630 687 690 familiam
718 632 1260 694 transferuntur:ea-

67 732 179 791 que
221 711 393 771 fiebat
423 711 570 791 apud
614 713 924 792 quemlibet
970 714 1255 794 magistra-

66 807 192 852 tum
220 836 240 868 ,
297 792 444 873 apud
488 813 657 872 quem
713 793 848 873 legis
888 793 1033 853 aetio
1075 794 1207 854 effet
1234 839 1256 872 ‚

64 872 389 933 Praetorem
421 890 590 954 puta,
609 873 696 933 vel
723 873 1124 934 Proconsulem
1154 898 1252 957 pa-

66 968 154 1014 tre
182 955 418 1014 naturali
445 954 628 1014 filium
657 956 982 1035 imaginaria
1008 958 1256 1037 emptio-

65 1055 137 1096 ne
166 1035 226 1095 &
254 1034 578 1095 venditione
620 1037 763 1117 patri
795 1036 1066 1115 adoptivo
1095 1059 1253 1098 man-

63 1117 289 1196 cipante
314 1130 358 1176 ².
442 1121 730 1196 Arrogatio
773 1115 852 1175 est
883 1138 1088 1192 eorum,
1131 1124 1254 1196 qui,

61 1218 178 1257 cum
202 1197 297 1274 fin·
319 1201 464 1276 juris
489 1203 638 1276 stnt‚
667 1197 811 1276 sein
848 1198 1145 1275 potestatem
1172 1203 1255 1259 al-

60 1281 226 1357 terius
264 1281 485 1338 tradunt
514 1306 532 1351 3
592 1280 667 1338 ita
706 1277 851 1338 dieta
880 1322 898 1354 ‚
943 1277 1095 1358 quod
1137 1299 1256 1341 non

61 1357 165 1420 nifi
194 1365 453 1438 rogatione
480 1358 545 1418 ad
587 1360 872 1440 Populum
903 1359 1011 1418 lata
1038 1357 1200 1420 fieret
1227 1405 1248 1436 ‚

67 1443 90 1515 (
116 1439 250 1498 licet
293 1442 450 1500 aliter
495 1440 563 1498 fit
591 1442 647 1499 in
689 1444 724 1500 l.
758 1459 810 1499 2..
839 1441 914 1518 ff.
941 1443 1003 1499 cle
1030 1442 1251 1517 adopt.)

63 1519 332 1582 Comitiis
371 1520 583 1580 scilicet
638 1522 859 1580 curiatis
903 1520 944 1579 ὓ.
1029 1520 1253 1583 Verum

60 1602 317 1663 transsata
346 1625 376 1662 a
416 1601 640 1682 Populo
683 1603 742 1660 in
782 1602 1103 1681 Principem
1143 1602 1253 1660 im-

59 1684 219 1762 perio
249 1684 545 1765 principali
575 1682 776 1742 exinde
805 1680 1136 1742 au&oritate
1163 1703 1251 1742 ar-

0 1789 4 1842 i
59 1766 378 1845 rogationes
406 1764 528 1823 fieri
572 1779 911 1843 coeperunt:
956 1782 1131 1843 eaque
1174 1763 1253 1840 (fi

61 1844 318 1924 impubes
347 1844 574 1926 quidem
604 1845 989 1926 arrogaretur)
1035 1863 1152 1903 non
1179 1842 1251 1904 fi-

60 1923 265 2001 ebant,
301 1925 407 1995 ⁴nifi
449 1924 626 1985 cauffa
654 1925 884 2006 cognita
912 1945 981 1982 an
1021 1923 1254 1985 honesta

60 2005 192 2064 effet
218 2050 238 2082 ‚
308 2005 638 2086 pupilloque
707 2005 1013 2086 expediret.
1097 2003 1253 2078 Qia

58 2103 247 2146 autem
275 2087 507 2166 adoptio
538 2102 790 2145 naturam
834 2087 1086 2145 imitatur
1113 2085 1250 2143 ado-

57 2183 218 2249 ptans
246 2166 578 2250 adoptivum
610 2166 773 2249 plena
804 2166 1134 2245 pubertate,
1180 2163 1249 2224 fi-

57 2269 128 2317 ve
155 2246 475 2307 ostodecim
519 2247 672 2305 annis
712 2244 1041 2326 praecedere
1081 2243 1250 2304 debe-

57 2325 154 2390 bat
183 2342 223 2389 0.
307 2325 563 2389 Effeetus
617 2327 983 2407 arrogationis
1037 2325 1246 2406 perspi-

619 2407 686 2468 N
718 2428 757 2466 n
802 2426 835 2485 ς
1104 2407 1254 2467 citur

53 2540 84 2590 ῃ
115 2534 166 2581 L.
191 2525 272 2577 ult.
290 2528 392 2576 cod.
414 2545 462 2576 ae
485 2528 623 2596 adopt.
685 2523 714 2575 b
746 2524 854 2591 Gell.
874 2539 920 2576 v.
944 2540 979 2575 c.
1008 2538 1079 2589 19.
1142 2538 1169 2579 c
1202 2525 1245 2581 5.

116 2605 162 2654 4.
185 2590 317 2655 Instit.
338 2591 381 2643 h.
408 2605 441 2655 t,
