1690 2933
416 89 497 154 14
718 69 1301 137 COMPENDIUM

409 172 637 237 numiffi
661 186 853 232 tamen
882 171 1096 250 tribum
1111 217 1132 250 ‚
1163 172 1276 245 five
1294 176 1388 256 jus
1414 172 1611 236 suffra}

411 257 493 343 gii
521 277 639 315 non
669 255 855 314 statim
882 253 1264 335 accipiebant:
1310 255 1425 315 hoc
1458 257 1613 329 enim

412 359 534 397 non
574 336 677 395 nifi
718 357 752 394 a
788 334 1016 416 Populo
1059 336 1199 396 olim
1245 337 1307 397 &
1347 338 1539 418 postea
1580 361 1613 400 a

411 418 680 498 Principe
750 415 1184 477 concedebatur.
1307 417 1608 499 Tempore

413 515 605 560 autem
647 497 1057 558 Pandectarum
1097 499 1212 558 hoc
1249 502 1341 580 jus
1382 499 1608 560 emeba-

415 596 542 642 tur:
587 579 736 640 unde
761 580 999 659 legimus
1025 596 1294 660 patronos
1318 579 1616 662 aliquando

410 660 618 744 juffiffe
632 705 653 736 ,
694 676 760 719 ut
787 659 1046 718 haeredes
1073 657 1164 719 sui!
1191 661 1405 721 tribum
1446 661 1613 722 liber·

422 743 493 802 tis
519 740 623 801 suis
650 755 919 800 emerent
951 745 986 801 l.
1012 740 1273 821 31.pr.ff.
1304 746 1535 823 delegat.
1559 763 1613 824 3.

503 833 550 894 §.
595 821 707 881 IV.
751 821 1021 882 Diximus
1061 844 1092 881 a
1118 824 1382 883 Romulo
1425 824 1615 906 fingu-

422 903 500 965 las
526 900 741 963 Tribus
768 904 828 962 in
853 900 1054 962 decem
1098 907 1291 964 Curias
1331 904 1488 964 fuisse
1527 906 1615 966 di-

424 983 594 1062 visae,
636 983 838 1064 quibus
864 1004 896 1042 a
923 985 1092 1065 raptis
1126 984 1340 1047 Sabinis
1384 989 1617 1052 nomina

420 1065 580 1127 fuiffe
602 1064 796 1124 ,indita
836 1065 1065 1146 quidam
1118 1066 1322 1127 volunt
1351 1082 1374 1109 a
1401 1097 1422 1141 3
1479 1066 1571 1128 sed
1597 1117 1619 1149 ‚

422 1166 560 1207 cum
614 1168 680 1206 ea
735 1147 1077 1225 (maximam
1116 1145 1308 1209 saltem
1362 1154 1618 1231 partem)

421 1226 493 1286 ad
521 1248 624 1288 nos
664 1248 781 1286 non
808 1229 1197 1308 pervenerint,
1240 1231 1453 1290 incerta
1478 1232 1621 1294 haec

421 1307 580 1368 sunt:
626 1306 832 1368 Dictae
859 1325 1049 1368 autem
1086 1308 1213 1368 sunt
1256 1313 1450 1370 Curiae
1485 1315 1623 1394 jux-

424 1406 486 1450 ta
512 1388 780 1472 quosdam
807 1412 839 1449 a
880 1392 1138 1467 curandO,
1181 1390 1393 1451 scilicet
1419 1393 1583 1468 sacra
1599 1423 1623 1470 3

426 1492 682 1551 quaeque
735 1472 888 1530 enim
930 1471 1105 1530 Curia
1157 1470 1306 1533 sacra
1347 1474 1622 1554 quaedam

428 1549 532 1612 fibi
573 1552 871 1634 peculiaria
909 1551 1151 1611 habebat
1180 1597 1200 1629 ‚
1258 1576 1399 1635 quae
1438 1578 1471 1615 a
1514 1560 1624 1618 Cu-

428 1637 572 1693 rione
601 1634 678 1711 (is
721 1634 927 1692 Curiae
967 1650 1216 1713 praeerat
1244 1635 1304 1708 b)
1349 1636 1622 1698 curaban-

430 1729 541 1773 tur.
624 1713 800 1774 Unde
842 1715 1025 1773 curiae
1068 1713 1268 1774 fimiles
1309 1716 1425 1777 fere
1467 1736 1624 1780 erant

431 1795 714 1855 Paroeciis
752 1796 845 1855 vel
883 1795 1204 1873 Parochiis,
1244 1814 1311 1856 ut
1353 1818 1623 1882 corrupte

432 1876 605 1940 hodie
631 1876 916 1937 dicuntur.
947 1875 1085 1936 Vid.
1100 1877 1259 1936 Fam.
1292 1880 1622 1942 Nardinum

434 1956 633 2018 Roma
673 1974 787 2019 vet.
829 1959 905 2018 L.
955 1978 1046 2017 11.
1090 1979 1142 2016 c,
1171 1959 1251 2017 T.
1290 1980 1377 2020 1v.
1411 1962 1623 2024 Graev-

433 2037 721 2099 Omnibus
761 2061 898 2099 vero
943 2038 1290 2098 Curionibus
1328 2060 1579 2123 praeerat
1605 2088 1628 2119 ,

435 2120 534 2199 qui
581 2122 739 2181 Curio
780 2121 1065 2181 Maximus
1118 2119 1426 2183 dicebatur.
1507 2125 1625 2184 Vel

1474 2203 1624 2264 forte

438 2293 464 2327 a
497 2281 599 2335 Liv,
626 2296 665 2329 1.
685 2294 775 2344 cap.
799 2296 841 2344 3.
862 2283 1008 2329 Aliter
1041 2285 1169 2331 Dion.
1199 2285 1302 2330 Hal.
1324 2292 1374 2331 L.
1402 2300 1471 2331 11.
1496 2303 1529 2332 c.
1549 2300 1628 2345 47.

502 2362 554 2392 ex
575 2354 699 2393 Varr.
719 2363 772 2397 ω’
793 2346 911 2394 Plut.
940 2347 1114 2393 Romulo
1130 2359 1172 2408 p.
1197 2364 1258 2393 m.
1282 2362 1356 2409 30.
1384 2349 1477 2396 Vid.
1507 2358 1632 2398 Fam.

504 2410 695 2458 Nardini
727 2419 905 2459 Romam
940 2423 1027 2456 vet.
1064 2418 1113 2459 L.
1151 2425 1220 2458 11.
1256 2428 1290 2459 c.
1331 2426 1368 2459 1.
1400 2418 1517 2462 Tam.
1558 2429 1645 2469 xv„

504 2479 672 2520 Graev.
689 2490 732 2521 n.
753 2472 863 2538 948.
925 2473 952 2522 b
985 2473 1076 2526 Vid.
1097 2474 1247 2528 Plaut.
1268 2475 1422 2530 Aalul.
1444 2482 1508 2527 A·
1533 2484 1630 2528 1.S.

513 2551 533 2585 1
547 2552 565 2586 1
578 2573 589 2585 .
608 2539 675 2600 vs.
702 2552 779 2600 29.
