1794 2933
231 77 235 81 ⁴
268 91 717 164 ANTIQUITAT..
757 88 1035 149 ROMAN.
1167 105 1282 174 103

0 195 6 238 ⁸
88 211 224 256 vero
251 186 686 250 laudatiffimum
699 187 1026 268 Principem
1054 188 1286 271 vitupe-

0 312 2 316 =
85 288 176 333 rat
216 299 238 343 3
295 287 363 330 ut
403 271 465 330 ὃς
499 270 880 347 Justinianum
919 313 942 347 ,
999 270 1098 351 qui
1138 271 1286 333 inter

92 352 406 416 mediocres
433 349 627 412 saltem
656 350 863 411 censeri
889 349 1228 414 merebatur.

134 513 533 576 CAPUT
604 511 1245 588 QUARTUM.

453 676 551 739 De
589 677 957 738 Praetoribus.

93 850 141 914 §.
185 840 233 900 Ι.
254 839 587 983 Secundus
601 839 969 921 Magistratus
999 840 1286 902 Ordinarii
1301 840 1422 905 0⁸⁸2·
1444 847 1576 888 Prae-

377 923 438 981 in
465 920 631 982 Urbe
669 921 858 980 honor
898 921 1008 981 fuit
1049 923 1283 984 Praeto—
1304 922 1463 957 “mm'‘

89 1007 164 1064 rii
197 1017 219 1045 ²
263 1000 605 1083 (Στρατηγῖ)
623 1029 644 1073 5
691 1001 847 1082 quod
872 1023 1086 1063 nomen
1109 1019 1293 1080 antea,

94 1100 161 1144 ut
187 1083 338 1162 dixi,
381 1086 641 1144 omnium
670 1082 1100 1164 magistratuum
1129 1105 1294 1145 com-

32 1195 35 1198 *
94 1187 268 1232 mune
281 1165 485 1225 fueratb
542 1211 562 1244 ,
603 1163 696 1225 sed
735 1165 970 1226 demum
1012 1166 1128 1226 hoc
1169 1188 1290 1227 ma-

138 1246 333 1307 istratu
360 1266 552 1306 creato
579 1246 937 1328 peculiariter
962 1247 1014 1306 ei
1027 1246 1293 1309 adhaesit.

145 1328 320 1387 rimus
345 1329 580 1389 Praetor
608 1344 825 1388 creatus
853 1327 934 1387 est
962 1328 1134 1388 A.U.
1157 1327 1291 1408 387.

98 1409 192 1486 Sp.
234 1412 429 1469 Furius
472 1411 749 1470 Camillusc
820 1407 1035 1469 duabus
1078 1409 1294 1489 potiffi-

98 1511 263 1552 mum
291 1489 362 1549 de
389 1489 563 1550 caufis
592 1519 611 1562 3
657 1491 844 1572 primo
872 1534 892 1566 3
934 1506 1000 1548 ut
1040 1489 1298 1550 solatium

98 1572 346 1651 patriciis
374 1571 508 1632 effet
536 1573 945 1631 communicati
962 1592 1098 1630 cum
1126 1571 1292 1651 plebe

101 1651 437 1713 Consulatus
466 1681 486 1724 3
530 1650 807 1729 secundO,
850 1669 916 1711 ut
943 1650 1053 1730 Jus
1077 1654 1293 1724 diceret3

103 1734 197 1791 cui
237 1735 314 1792 rei
358 1733 628 1795 Consules
655 1779 675 1811 3
731 1755 866 1806 cum
907 1732 1292 1814 frequentibus

100 1810 261 1874 bellis
318 1832 686 1881 avocarentur
727 1858 748 1892 3
802 1835 1000 1876 vacare
1054 1813 1292 1894 amplius

7 1923 10 1926 ⁴
106 1914 224 1953 non
276 1912 582 1976 poterant:
629 1897 691 1957 &
744 1897 880 1956 hinc
934 1897 994 1956 in
1047 1895 1293 1954 nummis

101 1973 438 2039 Praetorum
477 1977 772 2058 aliquando
814 1981 993 2038 bilanx
1021 1975 1296 2056 conspici-

106 2072 203 2115 tur
230 2058 272 2114 ἃ.
354 2056 591 2120 Creatus
631 2060 740 2118 fuit
778 2060 1014 2118 Praetor
1053 2058 1299 2116 comitiis

110 2136 455 2201 Centuriatis
495 2137 686 2200 iisdem
726 2139 974 2220 auspiciis
1015 2182 1036 2214 3
1093 2137 1296 2276 ngus

1187 2240 1293 2278 on-

105 2393 136 2429 a
164 2387 324 2430 Lucan.
350 2396 452 2431 111.
477 2381 544 2442 vll
581 2380 682 2454 196.
780 2382 809 2430 b
841 2381 995 2439 Ascon-
1020 2379 1082 2427 ad
1107 2385 1157 2426 L.
1190 2392 1230 2427 1.
1249 2380 1296 2427 in

170 2451 286 2493 Verr.
307 2463 341 2495 c.
367 2462 435 2506 14.
532 2460 557 2493 c
588 2454 689 2493 Lrv.
716 2460 794 2494 vx.
826 2462 860 2492 c.
891 2459 1163 2504 (μίγνυ.
1185 2459 1218 2490 c.
1253 2457 1294 2492 1.

170 2507 205 2564 d
234 2509 325 2560 Vid.
345 2509 505 2578 spanh.
523 2510 570 2558 de
590 2518 643 2560 Ρ.
664 2524 718 2564 ω·
744 2517 793 2559 V.
820 2514 882 2560 N.
903 2507 1009 2572 Daffi
1032 2523 1076 2558 x.
1102 2520 1149 2570 p.
1185 2522 1291 2570 104.
