1778 2928
236 166 686 244 ANTIQUITAT.
728 168 1005 232 ROMAN.
1182 161 1255 241 1}

55 288 204 330 mone
230 267 474 329 Etrusco
490 315 510 348 ,
555 270 652 353 qui
691 271 958 332 Romulo
999 273 1255 339 adversus

65 350 297 412 Sabinos
338 349 614 432 suppetias
655 353 861 412 tulerat
875 383 895 427 3
941 355 1065 432 vel,
1107 379 1141 417 a
1167 362 1250 417 lu-

64 454 150 510 cv,
192 433 251 490 in
291 453 407 512 quo
448 432 659 514 asylum
700 434 990 494 Romulus
1019 446 1254 517 aperue-

62 530 175 573 rat:
309 514 370 572 in
408 514 556 572 hanc
597 513 811 573 tribum
854 537 1050 607 omnes
1091 540 1254 600 pere-

61 595 242 676 grini,
322 595 381 652 ui
422 609 549 654 tum
594 612 788 670 erant,
834 596 896 655 Sc
936 618 1031 678 qui
1061 602 1255 679 postea
1310 655 1311 658 ,

58 691 188 735 ante
215 695 423 734 novam
450 675 705 736 tribuum
734 676 1067 738 divisionem
1082 702 1113 740 a
1130 680 1255 741 Tul-

60 759 128 815 lio
168 755 483 816 institutam
542 778 614 816 ex
654 757 813 817 victis
853 759 1118 840 gentibus
1157 782 1255 822 ac-

61 836 337 896 cesserunt
353 881 373 913 ‚
415 836 542 896 sunt
568 837 743 897 relati.

139 917 584 978 Procedentibus
638 919 992 1001 temporibus
1019 966 1040 998 3
1112 944 1250 986 cum
1301 980 1309 990 ,

59 997 315 1080 quotidie
353 1019 437 1058 res
463 1000 731 1059 Romana
760 1018 1092 1082 augeretur,
1134 1007 1254 1085 pri-

60 1101 186 1139 mus
213 1078 527 1158 Tarquinius
554 1081 771 1158 Priscus
804 1095 826 1122 ²
866 1084 1094 1163 quintus
1121 1087 1254 1147 Ro-

59 1181 358 1220 manorum
425 1161 564 1220 Rex
632 1182 933 1222 numerum
1002 1164 1257 1230 tribuum

59 1240 371 1322 duplicavit
397 1240 422 1279 b
451 1244 682 1301 retentis
710 1260 901 1303 tamen
930 1244 1122 1306 iisdem
1149 1268 1257 1309 no-

61 1321 303 1381 minibus
334 1351 354 1396 3
411 1324 491 1382 ita
516 1368 537 1400 a
591 1340 659 1382 ut
726 1324 1048 1386 dicerentur
1088 1332 1260 1404 primi

63 1405 383 1484 Ramnenfhs
412 1405 473 1464 &
485 1404 703 1482 secundi
715 1408 1068 1485 Ramneust’s,
1084 1409 1147 1469 &
1176 1409 1257 1470 fic

60 1505 253 1565 porro,
313 1487 535 1546 Servius
561 1506 698 1546 vero
729 1485 931 1546 Tullius
956 1489 1096 1549 Rex
1121 1491 1257 1550 Ro—

60 1585 360 1625 manorum
387 1565 573 1628 sextus
587 1612 608 1644 ,
625 1587 759 1627 cum
788 1567 1083 1629 Lucerum
1099 1592 1259 1651 prae-

63 1647 230 1728 cipue
258 1646 434 1707 tribus
463 1647 1134 1731 immensumuugeretur
1162 1667 1256 1712 to·
1316 1719 1323 1723 ‚
1386 1646 1389 1647 ⁷

63 1741 181 1787 tam
207 1728 354 1789 hanc
396 1725 672 1791 ratffiii‘em
713 1733 990 1809 mutavit,
1033 1731 1094 1792 &
1135 1734 1263 1792 uni-

63 1808 274 1870 versam
329 1809 556 1872 Urbem
598 1813 659 1871 in
700 1828 943 1892 quatuor
979 1856 1000 1888 ,
1057 1834 1262 1894 agrum

66 1908 202 1950 vero
242 1893 581 1954 Romanum
636 1893 696 1952 in
738 1893 1063 1974 quindecim
1089 1938 1110 1971 9
1166 1895 1260 1956 vel

65 1967 466 2050 septemdecim
527 1975 775 2053 (variant
843 1976 996 2034 enim
1065 1975 1263 2035 aucto-

68 2071 152 2108 res
181 2053 239 2126 ο>
269 2055 557 2134 portiones
585 2053 771 2115 divifit
788 2083 807 2127 3
827 2077 1063 2138 quarum
1091 2077 1262 2138 quae-

65 2131 198 2190 dam
226 2131 556 2196 dicebantur
569 2135 782 2196 Tribus
800 2140 1070 2214 Urbuuue,
1088 2146 1259 2220 quae-

66 2211 198 2272 dam
226 2216 509 2295 Rusticue5
552 2218 630 2277 ita
654 2233 722 2276 ut
747 2217 841 2276 ille
880 2217 1091 2294 tribus,
1123 2239 1267 2299 quae

1185 2319 1261 2359 ex

66 2451 93 2487 a
126 2446 174 2487 V.
212 2440 314 2502 Fest.
348 2457 392 2490 v.
426 2449 475 2491 V.
496 2443 575 2504 [ἐκ
615 2442 754 2503 Vestae
797 2443 1049 2494 Sacerdotes.
1106 2442 1137 2492 b
1170 2443 1263 2493 Vid.

131 2511 315 2554 Manat.
346 2508 398 2554 de
425 2510 564 2557 comit.
593 2515 714 2558 Rom.
737 2526 771 2559 c.
791 2524 837 2558 2.
858 2515 904 2555 T.
934 2523 972 2556 1.
998 2506 1120 2569 Thes.
1137 2512 1258 2555 Ant.

129 2574 182 2680 ξ.
218 2575 384 2623 Graev.
416 2589 462 2623 n.
493 2571 605 2635 481.
639 2578 703 2637 D.
775 2588 803 2624 c
844 2573 941 2625 Vid.
977 2572 1108 2639 Dion,
1154 2571 1260 2623 Hal.

164 2646 208 2683 v.
242 2649 261 2683 1
273 2650 315 2695 ς.
