1794 2933
479 171 602 234 '296
859 155 1486 252 COMPENDIUM'

557 342 695 406 DE
722 337 940 400 ΕΗΒ·
969 298 1435 398 SEMONJB
1455 339 1578 402 US.

533 460 799 565 'Semones
840 505 949 566 Dii
989 501 1124 563 diffi
1161 499 1288 561 sunt
1317 545 1338 578 ,
1394 504 1547 584 quafi
1573 504 1665 583 se-

477 588 814 658 mihomine53
858 584 990 643 nam
1030 600 1243 645 veteres
1271 585 1530 644 hemonem
1557 608 1665 666 pro

473 669 679 726 homine
705 666 970 727 dicebant
992 678 1012 705 ²
1037 689 1050 726 :
1109 681 1265 725 erant
1292 666 1442 726 enim
1486 669 1662 727 Semo—

477 768 565 807 nes
573 791 596 823 ,
639 769 760 826 quos
800 771 887 808 nec
913 747 1041 807 coelo
1077 747 1421 825 affiriberent
1449 762 1665 825 propter

476 833 655 889 meriti
685 843 1051 908 paupertatem
1066 873 1085 906 ‚
1128 850 1216 888 nec
1254 843 1479 888 terrenos
1506 831 1663 906 depu-

477 925 596 970 tare
635 914 829 970 vellent
870 908 968 988 pro
1002 914 1211 990 gratiae
1263 912 1593 968 veneratione
1617 909 1663 968 ¹³.

479 991 639 1051 Inter
665 1011 761 1052 eos
787 991 1037 1072 primum
1063 991 1259 1050 locum
1274 989 1526 1049 dabimus
1541 990 1669 1049 Diis

482 1072 699 1149 rusticis
725 1116 746 1148 a
803 1073 898 1153 qui
940 1093 1069 1132 rum
1098 1117 1119 1150 ,
1162 1091 1414 1152 quaeque
1454 1071 1515 1130 in
1554 1070 1616 1130 iis
1644 1114 1667 1149 ‚

480 1154 769 1212 curabant.
849 1178 853 1182 ’

562 1245 610 1304 §.
667 1233 974 1293 XXVIII.
1027 1236 1285 1294 Primum
1339 1232 1514 1312 igitur
1568 1233 1665 1293 hic

477 1314 883 1374 recensebimus
923 1318 1134 1375 Panem
1176 1315 1457 1374 Arcadem
1485 1359 1506 1391 ,
1559 1315 1668 1373 Pa-

478 1396 695 1456 storum
737 1409 759 1435 ⁰
815 1395 877 1455 &
917 1398 1135 1477 pecoris
1188 1397 1384 1455 Deum
1426 1394 1496 1467 ‘¹3
1569 1395 1668 1474 qui

481 1478 763 1536 Mercurii
792 1476 852 1535 &
892 1479 1170 1556 Penelopes
1199 1476 1347 1538 filius
1372 1475 1481 1535 fuit
1507 1475 1666 1534 habi·

479 1578 571 1618 tus
602 1570 641 1616 ⁶.
724 1558 845 1617 Hic
879 1560 1047 1635 juxta
1086 1557 1353 1639 quosdam
1379 1555 1558 1615 dicius
1587 1556 1668 1616 est
1760 1582 1763 1583 ⁷

481 1661 512 1700 a
554 1640 782 1700 Graeco
838 1636 939 1696 miv
983 1641 1097 1698 hoc
1139 1641 1221 1698 est
1246 1683 1267 1714 ‚
1324 1637 1666 1715 universum:

480 1721 608 1800 quia
636 1741 767 1780 eum
796 1723 954 1780 totius
980 1724 1208 1798 universt
1231 1716 1550 1797 symbolum
1578 1716 1667 1775 fu-

479 1801 575 1861 iffe
601 1802 837 1876 volunt,
878 1801 1028 1860 unde
1053 1801 1223 1859 etiam
1264 1797 1498 1857 Flamen
1526 1798 1668 1857 Dia-

483 1883 582 1958 lis,
625 1882 719 1959 qui
755 1882 914 1956 Jovis
940 1880 1189 1942 sacerdos
1228 1879 1487 1962 proprius
1513 1893 1628 1937 erat
1643 1922 1665 1955 ,

481 1970 601 2044 ejus
626 1961 784 2021 sacris
809 1962 1212 2024 interveniebat
1247 1961 1281 2020 f.
1363 1959 1525 2021 Hinc
1540 1962 1668 2035 pin-

473 2049 625 2124 gitur
650 2041 882 2122 superne
909 2045 1153 2105 humana
1177 2042 1357 2124 specie
1385 2039 1454 2099 ad
1481 2039 1669 2100 coele·
1764 2111 1766 2113 Ι

484 2125 651 2185 stium
703 2143 891 2185 rerum
944 2123 1422 2208 pulchritudinem
1463 2138 1666 2260 nogan-

1581 2223 1671 2264 am

482 2384 509 2420 a
544 2369 646 2428 Fest.
675 2385 723 2419 v.
755 2378 959 2418 Hemona.
994 2369 1085 2417 vid.
1122 2375 1233 2417 Enn·
1247 2380 1291 2433 p.
1311 2381 1416 2430 232.
1443 2366 1504 2413 ed.
1536 2373 1672 2428 Neap.

549 2435 578 2482 b
608 2434 868 2496 Fulgent..de
882 2433 1008 2495 prifio
1033 2441 1163 2480 Scrm.
1188 2451 1229 2480 n.
1262 2447 1332 2481 11.
1395 2447 1419 2480 c
1454 2433 1561 2491 Virg.
1582 2430 1677 2480 Ecl-

552 2511 626 2547 11.
647 2500 712 2560 vfi
735 2512 810 2561 33.
865 2497 894 2546 d
925 2497 1053 2545 ovid.
1076 2495 1183 2556 Fast.
1206 2513 1277 2546 11.
1298 2495 1363 2557 vs.
1378 2509 1484 2556 271.
1535 2509 1562 2541 e
1581 2501 1672 2540 Lu·

539 2564 654 2610 ‘ciam
683 2570 810 2610 Deor.
833 2562 937 2611 dial.
966 2574 1011 2626 p.
1032 2575 1138 2626 229.
1157 2562 1208 2613 ed
1235 2567 1395 2627 Graqv.
1480 2560 1506 2609 f
1540 2557 1671 2625 Qvid.

546 2624 656 2685 Fast,
684 2641 754 2676 ιι.
777 2629 844 2692 vs.
864 2624 966 2675 282.
