1721 2933
273 192 727 266 ANT1QJ1T4T.
766 191 1045 253 ROMAN.
1184 208 1300 271 551

100 288 201 351 bat
234 300 272 349 ³.
357 288 469 348 Sed
496 289 633 347 licet
664 289 855 370 legep
858 285 1142 347 ermiffum
1168 288 1305 348 effet

104 372 318 451 primus
349 386 540 428 tamen
580 369 674 429 div
661 371 892 429 ortium
929 358 1116 428 feciffe
1155 368 1298 449 legi-

106 467 202 510 tur
243 469 394 510 elrca
435 452 508 522 A
552 450 634 510 U.
682 470 815 528 520
886 452 979 526 Sp.
1024 453 1302 524 Carvissius

105 534 267 612 Ruga
295 530 372 590 ob
400 531 593 590 uxoris
622 529 970 590 stelilitatem
1009 532 1064 590 b:
1109 531 1304 612 postea

105 633 244 672 vero
273 610 580 672 admodum
609 611 921 693 frequentia
960 600 1192 672 Romae
1217 611 1303 671 di-

105 695 290 753 vortia
344 693 572 752 fuerunt
605 704 644 751 Ε.
727 695 869 753 Hoc
938 692 1064 751 casu
1117 694 1221 766 dos
1272 714 1306 754 a

106 770 313 837 marito
355 773 738 851 reddebatur,
783 774 845 835 &
874 773 1096 834 tabulae
1134 773 1304 854 spon-

106 853 312 915 salitiae
350 854 752 937 frangebantur
779 854 821 914 d.
904 856 1160 915 Divortii
1184 854 1305 915 for-

109 937 264 997 mula
317 954 480 1014 erat,
551 939 662 998 Res
702 951 823 998 tuas
861 939 965 997 tibi
1015 937 1204 998 habeto
1230 950 1253 976 ²
1291 962 1304 974 ·

108 1019 340 1098 ejusque
409 1017 634 1099 sgnum
687 1035 850 1095 mat,
921 1011 965 1077 fi
1005 1019 1092 1078 vir
1143 1021 1312 1080 uxori

111 1099 294 1160 claves
321 1099 591 1159 adimeret
626 1098 647 1139 f
716 1101 791 1161 Si
820 1116 1009 1159 autem
1039 1098 1153 1160 fine
1179 1121 1310 1161 mu-

25 1183 30 1188 ’
109 1180 255 1250 lieris
298 1181 464 1263 culpa
509 1180 722 1243 faustum
770 1181 904 1241 effet
944 1181 1310 1260 Divortium‚

110 1245 215 1321 dos
253 1262 474 1344 integra
528 1262 964 1323 restituebatur·
945 1290 969 1334 3
1039 1260 1124 1322 fin
1165 1285 1308 1324 con-

111 1356 199 1402 na
240 1364 346 1423 pro
394 1338 622 1424 singulis
663 1343 849 1403 liberis
875 1342 1027 1403 sexta
1066 1365 1193 1424 pars
1236 1344 1308 1407 ad

110 1423 413 1486 dimidium
454 1426 602 1484 dotis
655 1423 825 1505 usque
863 1421 1210 1484 retinebatur
1236 1438 1308 1485 g:

110 1504 205 1563 sed
247 1504 401 1564 adult
404 1526 526 1565 elac
566 1505 764 1576 dotem
790 1550 811 1581 ‚
873 1508 1104 1587 ejusque
1144 1507 1308 1565 terti-

112 1606 205 1644 am
262 1603 478 1664 paltem
508 1632 527 1663 ‚
589 1588 656 1659 &
709 1586 858 1645 dona
911 1588 1312 1665 antenuptialia

110 1668 348 1812 {fantus
402 1668 678 1728 retinebat
705 1712 726 1745 ‚
795 1668 837 1726 fi
893 1667 998 1728 filii
1052 1688 1172 1727 non
1225 1667 1306 1728 es-

138 1765 234 1808 ent
262 1751 285 1786 h

114 1920 143 1956 a
188 1910 283 1956 ναὶ.
317 1918 445 1957 Max·
489 1926 559 1960 11.
594 1926 662 1959 lx.
697 1930 740 1959 n.
771 1927 810 1958 2·
907 1910 936 1957 b
981 1911 1045 1958 Id.
1086 1925 1156 1959 1¹.
1191 1925 1235 1960 1.
1264 1928 1312 1968 n.

177 1989 224 2030 4.
288 1988 313 2020 c
344 1973 515 2031 Juven.
553 1991 627 2022 vt.
659 1979 724 2036 vs.
759 1978 862 2036 223-
897 1976 988 2038 sqq.
1073 1975 1105 2023 d
1137 1978 1203 2022 Id.
1240 1991 1312 2023 ιι.

175 2039 246 2092 vfi
278 2049 350 2097 75.
438 2052 463 2084 e
498 2046 544 2085 L.
569 2056 614 2089 2.
651 2043 692 2093 §.
723 2040 838 2102 1.ff
871 2041 921 2085 de
941 2039 1101 2086 divort.
1161 2041 1189 2087 f
1215 2041 1310 2086 Vid.

178 2101 270 2147 Cic.
311 2100 484 2161 Philipp.
522 2118 591 2149 11.
626 2121 658 2148 c.
692 2103 769 2151 28.
853 2119 884 2162 g
929 2105 1094 2150 Paulus
1133 2118 1202 2151 11.
1234 2112 1310 2150 In-

166 2164 272 2277 stit·8
289 2164 384 2215 libr.
415 2166 488 2218 tc‘t.
521 2168 569 2212 de
592 2167 768 2216 dotibus.
861 2167 894 2215 h
934 2168 1106 2216 Novell.
1143 2181 1258 2215 ειη
1271 2181 1313 2215 1.

175 2243 213 2278 c.
277 2264 289 2279 .

1159 2623 1313 2698 'CA-
