1794 2933
482 140 565 209 ’ρι’
795 135 1373 206 (ΞοΜΡΕΝοῐυΜ

475 239 688 313 perium
715 257 877 296 more
903 237 1131 298 illorum
1159 255 1486 324 temporum
1526 260 1551 289 ²
1592 254 1685 311 ηεξ
1766 275 1785 328 3-

489 314 655 394 liquis
682 317 763 375 est
790 319 1098 398 praelatum
1118 319 1237 380 :sed
1268 323 1406 384 illud
1435 347 1552 388 non
1581 329 1682 390 ab·

489 394 735 456 iblutum
765 443 784 474 5
827 419 1026 459 vemm
1070 400 1228 461 afficis
1256 403 1378 463 satis
1406 406 1683 471 limitibus

488 478 1015 569 circumscriptum:
1062 486 1365 566 praecipua
1392 489 1543 548 enim
1557 491 1684 551 Re-

491 578 631 640 gum
653 580 843 618 muma
858 577 1014 620 erant
1041 563 1180 622 haec
1197 608 1216 641 5
1249 566 1272 603 b
1288 588 1428 648 quae
1444 568 1681 708 sCPUUn·

491 653 586 698 tur
616 663 627 698 ε
672 639 954 700 sacrorum
982 646 1241 705 omnium
1271 667 1464 709 curam
1513 672 1681 732 upre-

493 740 647 780 mam
678 720 883 780 habere
896 750 915 794 5
965 722 1192 805 legum,
1237 732 1681 809 morum‚&ju-

493 800 566 859 ris
607 803 772 883 patrii
816 803 1129 867 custodiam
1170 826 1366 889 gerere
1395 838 1415 881 5
1459 805 1684 888 injurias

495 884 765 942 maximas
793 883 1037 960 judicare
1064 914 1084 957 5
1135 888 1402 949 Senatum
1444 890 1683 970 habere,

497 962 723 1044 ejusque
749 964 976 1024 decreta
1002 966 1068 1025 ad
1096 968 1385 1050 Populum
1427 971 1632 1033 referre
1660 1018 1682 1050 ‚

496 1058 664 1124 atque
707 1046 786 1105 ita
824 1061 941 1106 rata
981 1046 1164 1107 facere
1195 1063 1215 1087 ⁶
1231 1078 1251 1121 5
1297 1052 1586 1132 Populum
1614 1054 1685 1115 ad
1753 1045 1755 1048 ¹
1790 1048 1794 1059 ⁴

498 1127 839 1186 concionem
865 1148 1103 1204 vocare,
1146 1129 1275 1210 ejus
1302 1152 1372 1190 ue
1399 1133 1481 1191 est
1511 1135 1682 1194 Sena-

498 1219 588 1263 tus
614 1206 840 1266 decreta
868 1207 1108 1288 exsequi.
1180 1212 1259 1271 Et
1328 1233 1424 1273 aec
1454 1215 1683 1295 quidem

495 1285 555 1344 in
581 1306 720 1366 pace
749 1317 769 1360 5
814 1289 874 1347 in
899 1287 1053 1349 bello
1079 1311 1216 1351 vero
1243 1296 1549 1355 maximam
1575 1317 1684 1376 poe

491 1366 752 1428 testatem
780 1367 1060 1430 habebant
1083 1415 1105 1447 5
1149 1375 1277 1451 quia
1302 1395 1385 1434 res
1412 1375 1542 1435 belli
1586 1397 1682 1436 ce·

490 1445 769 1508 leritatem
797 1449 1129 1531 plerumque
1159 1454 1220 1513 &
1247 1474 1512 1517 arcanum
1540 1455 1682 1517 defi-

488 1525 691 1588 derant
717 1574 737 1607 5
781 1531 860 1589 ita
900 1546 965 1590 ut
1006 1532 1257 1612 pluribus
1314 1535 1477 1596 facile
1521 1558 1683 1598 com-

494 1611 785 1672 municare
824 1628 1149 1692 nequeant:
1206 1614 1300 1674 sed
1339 1617 1453 1677 hoc
1495 1619 1573 1678 ita
1600 1633 1683 1680 ta-

494 1710 629 1751 men
659 1735 680 1768 5
722 1708 788 1750 ut
816 1691 1097 1753 summum
1127 1716 1314 1755 rerum
1341 1697 1633 1758 arbitrium
1661 1742 1681 1775 ,

495 1791 562 1829 ac
583 1775 675 1852 jus
702 1772 835 1831 belli
867 1774 927 1832 ὃς
956 1775 1107 1853 pacis
1146 1774 1363 1857 semper
1403 1778 1537 1838 effet
1578 1800 1678 1860 pe-

492 1871 588 1912 nes
627 1852 907 1935 populum
938 1855 962 1892 d
987 1898 1007 1930 5
1063 1856 1541 1937 quemadmodum
1571 1862 1683 1940 jam

497 1932 627 1991 aiibi
655 1934 916 1994 diximus.

563 2016 793 2094 Instgnia
820 2018 1024 2094 Regum
1036 2015 1265 2080 fuerunt
1280 2040 1460 2080 corona
1476 2032 1682 2100 aureae,

479 2093 745 2171 sceptrum
771 2139 791 2170 5
847 2095 909 2156 &3
935 2097 1072 2173 sella
1114 2119 1186 2159 ex
1227 2101 1400 2162 ebore
1440 2108 1632 2164 curulis
1659 2125 1681 2163 .·

498 2175 643 2252 (Gr.
675 2179 879 2254 ³³49&
906 2180 1181 2256 οἱρμοίτιῷ·
1214 2182 1269 2262 ⁶)
1314 2199 1440 2244 tum
1459 2184 1683 2261 waben,

1572 2263 1685 2326 five

501 2430 527 2464 a
559 2419 724 2479 Justin.
762 2437 800 2471 ι.
831 2438 866 2469 c.
902 2435 943 2471 ῐ.
1039 2423 1069 2471 1)
1102 2422 1233 2471 Dion·
1270 2423 1408 2471 Halic.
1445 2439 1516 2473 11.
1547 2440 1581 2471 c.
1611 2439 1684 2486 14.

499 2495 526 2526 c
559 2485 624 2529 Id.
650 2500 752 2534 νιῐ.
772 2502 805 2532 c.
832 2484 908 2549 38.
1002 2485 1031 2535 d
1067 2489 1180 2535 Dion
1208 2488 1347 2540 Halic.
1369 2489 1399 2536 l.
1420 2499 1463 2541 a.
1560 2503 1587 2536 e
1618 2492 1686 2540 Id.

499 2558 581 2663 g.
603 2562 636 2597 c.
671 2564 745 2611 74.
774 2565 829 2605 ω’
853 2563 927 2613 75.
1022 2550 1168 2621 {Vim
1198 2552 1354 2621 Ροίζκσ.
1388 2568 1433 2606 x.
1466 2569 1501 2603 c.
1537 2567 1608 2605 11.
1634 2569 1683 2609 n·

1756 74 1775 130 aue&
