1794 2933
293 129 746 202 ANTIQUITAT.
789 125 1066 188 ROMAN.
1199 131 1318 204 167

120 227 220 308 qui
263 225 699 286 Atheniensium
742 225 892 307 leges
920 244 953 282 a
979 224 1230 283 Dracone
1258 221 1321 281 ὃς

123 309 304 368 Solone
331 353 350 384 ‚
407 307 749 386 aliarumque
789 305 1050 387 gentium
1092 301 1162 362 ab
1204 301 1321 361 aliis

123 387 589 469 legumlatoribus
658 389 790 446 latas
856 384 1230 446 describerent
1282 397 1321 441 ².

123 468 199 527 Iis
241 472 314 528 A.
360 470 439 528 V.
476 488 606 550 302.
636 466 862 527 reverfis
888 512 908 543 ,
966 487 1100 526 cum
1127 484 1325 525 omnes

121 550 213 609 alii
252 549 603 632 magistratus
643 547 983 608 abdicassent
1012 593 1032 624 ‚
1091 551 1322 607 Decem-

106 634 237 689 ·viri
277 631 570 691 Consulari
612 629 890 712 potestate
916 630 986 688 ad
1012 631 1160 711 leges
1189 648 1319 708 per-

122 708 432 772 scribendas
475 734 547 772 ex
591 712 837 789 patriciis
891 712 1064 770 creati
1103 710 1230 770 sunt
1257 710 1320 783 ¹³5

121 793 218 872 qui
260 795 449 874 primo
505 793 734 874 quidem
789 791 1004 851 summa
1045 793 1324 873 aequitate

112 874 207 953 jus
247 875 474 955 Populo
517 874 815 949 dixerunt,
859 873 1063 953 singuli
1091 874 1318 931 decimo

123 975 352 1034 quoque
391 956 481 1033 die
522 955 741 1034 imperii
769 952 1006 1034 insignia
1033 952 1320 1013 habentes,

121 1033 286 1093 Tum
355 1038 524 1096 etiam
593 1037 793 1094 decem
860 1034 1053 1115 legum
1110 1034 1322 1094 tabulas

124 1114 467 1178 Centuriatis
522 1118 766 1177 comitiis
821 1116 1176 1196 pertulerunt
1230 1136 1319 1174 ae-

119 1195 399 1334 1quiffimas
427 1213 448 1239 ⁶
471 1242 491 1275 ‚
534 1200 613 1258 ita
665 1214 731 1257 ut
786 1196 1042 1257 universo
1093 1196 1319 1279 Populo

143 1298 341 1337 ummo
370 1301 541 1361 opere
568 1279 873 1360 placerent.
945 1278 1058 1338 Sed
1085 1299 1219 1338 cum
1237 1293 1320 1337 et-

121 1357 234 1417 iam
248 1359 390 1420 duae
419 1361 639 1420 tabulae
655 1360 876 1441 reliquis
889 1359 1055 1441 adjici
1084 1358 1321 1440 placuis-

122 1437 288 1500 setin
329 1463 537 1502 annum
566 1441 889 1524 sequentem
945 1442 1153 1501 iterum
1196 1442 1320 1499 De-

126 1522 359 1581 cemviri
427 1524 599 1583 creati
649 1523 775 1582 sunt
819 1545 833 1582 :
906 1543 1105 1582 verum
1148 1523 1206 1580 hi
1248 1522 1318 1582 de

122 1599 379 1663 libertate
407 1604 812 1686 opprimenda,
857 1603 917 1663 ἃ*
945 1603 1187 1684 imperio
1216 1602 1319 1663 fibi

122 1684 418 1744 retinendo
447 1686 902 1765 conjurationem
929 1685 1208 1755 inierunt3
1257 1685 1320 1744 ὃς

125 1782 260 1824 cum
327 1767 508 1826 multa
556 1762 850 1848 tyrannice
904 1765 1213 1825 admodum
1258 1767 1320 1826 ἃ

123 1843 468 1924 impotenter
506 1848 783 1929 geffiffent
809 1893 830 1926 ‚
899 1847 1153 1907 abdicare
1196 1863 1319 1905 tan-

125 1922 258 1983 dem
285 1926 412 1987 sunt
438 1929 621 1990 coac'lzi
648 1931 706 2006 d,
752 1930 814 1988 &
841 1931 900 1988 in
930 1949 1185 2004 carcere,
1231 1929 1321 1987 vel

123 2004 261 2086 fuga
288 2009 591 2087 perierunt.
673 2012 860 2092 Leges
889 2026 1079 2069 tamen
1106 2055 1125 2086 ,
1187 2029 1320 2089 quas

124 2089 376 2147 tulerunt
402 2133 422 2164 ‚
477 2107 542 2148 ut
583 2109 740 2150 erant
780 2090 1128 2172 aequiffimae
1154 2135 1174 2165 ‚
1245 2091 1322 2149 ita

125 2187 353 2248 quoque
380 2169 732 2230 sancfhffimae
758 2171 973 2251 semper
1001 2170 1125 2229 sunt
1154 2168 1311 2228 habi-

124 2262 231 2307 tae.
317 2251 396 2309 Et
424 2251 528 2310 hae
566 2251 691 2314 sunt
721 2252 965 2311 celebres
992 2251 1116 2310 illae
1145 2252 1315 2389 1)Ἅο-

1260 2351 1317 2389 e-

123 2475 153 2509 a
184 2462 287 2512 1bid.
312 2483 345 2513 c.
371 2480 443 2528 31.
470 2467 560 2518 Vid.
585 2469 625 2521 §.
654 2484 722 2516 ω.
749 2469 876 2529 Instit.
901 2468 948 2513 de
973 2475 1007 2513 I.
1037 2475 1094 2514 N.
1116 2474 1170 2514 G.
1188 2482 1240 2518 &¹
1261 2475 1317 2515 C.

188 2526 348 2650 1³34lbid.
371 2548 404 2581 c.
437 2543 512 2595 33.
607 2548 632 2581 c
674 2535 778 2582 ibid.
816 2552 849 2581 c.
886 2547 961 2596 34·
993 2587 997 2593 ¹
1058 2531 1089 2581 d
1142 2531 1248 2582 lbid.
1280 2548 1317 2582 c.
