1794 2933
507 118 655 198 ‘1962
883 106 1464 177 CoMP,ENn1vM
1540 124 1550 133 “

511 213 616 273 bus
640 208 703 286 ²)
734 206 941 290 judicia
969 206 1269 269 faciebant.
1323 210 1493 272 Haec
1522 209 1720 277 auten}
1748 230 1769 280 3

511 285 959 354 Centuthviralia
1004 290 1219 371 judicia
1273 311 1380 350 nec
1436 292 1665 372 privatis
1690 337 1712 371 ‚
1756 318 1767 330 ·*

505 396 621 435 nec
675 371 917 453 publicis
963 372 1191 453 judiciis
1247 387 1408 432 erant
1464 371 1662 433 fimilia
1688 419 1710 451 ‚

507 455 651 516 Vid.
684 453 778 513 Cl.
810 452 1022 514 Graev.
1051 452 1232 514 Praef.
1262 453 1331 513 ad
1360 452 1441 511 T.
1481 473 1501 512 1
1523 474 1544 513 1
1570 455 1712 514 Ant.
1764 503 1768 506 .

509 538 594 598 R.
622 533 713 594 sed
727 534 1015 615 propriam
1031 535 1308 617 quandam
1337 532 1438 592 fibi
1465 533 1712 596 formam

511 615 794 678 habebant
824 638 837 675 ε
895 636 961 674 ac
1016 633 1298 696 praeterea
1350 614 1734 676 Centumviriv

511 700 573 758 in
616 695 986 758 tribunalibus
1024 696 1284 756 sedebant
1310 695 1335 735 ¹²
1363 739 1384 772 ,
1440 717 1575 755 cum
1617 698 1709 757 alii

499 779 725 863 judjces
750 776 1008 838 subseliiis
1046 778 1320 837 duntaxat
1362 790 1657 836 uterentur
1682 806 1707 851 3

511 881 621 921 nec
648 860 795 919 abiis
824 857 1090 940 appellari
1117 872 1340 939 poterat
1368 868 1389 896 ⁰
1406 900 1426 933 ‚
1470 858 1598 937 quia
1613 877 1708 917 to-

501 942 613 1002 tius
655 940 863 1021 Populi
889 941 984 999 hic
1028 939 1300 999 conseffils
1329 936 1705 1018 quodammo-

505 1023 585 1082 do
639 1021 937 1095 confilium
982 1037 1116 1080 erat.
1200 1019 1490 1079 Videntur
1531 1021 1704 1079 creati

507 1096 873 1165 Centumvirff
901 1103 1052 1162 circa
1079 1103 1152 1162 A.
1180 1101 1263 1161 U.
1299 1118 1433 1180 513.
1476 1101 1703 1182 quando

507 1186 762 1267 primum
791 1185 1025 1265 triginta
1050 1184 1299 1264 quinque
1326 1179 1581 1240 tribuum
1598 1204 1703 1242 nu-
1762 1219 1767 1226 ‹

508 1287 696 1327 merus
735 1265 994 1346 expletus
1033 1264 1114 1324 est
1141 1308 1162 1340 ,
1205 1264 1266 1323 &
1292 1261 1428 1322 facit
1466 1284 1536 1321 eo
1578 1267 1615 1323 l,
1648 1283 1703 1323 z.
1764 1273 1770 1279 '

511 1360 561 1421 §.
593 1367 687 1418 29.
705 1346 777 1425 ff.
806 1348 868 1406 de
897 1347 1050 1425 Orig.
1081 1347 1213 1422 Jur.
1296 1345 1379 1402 At
1406 1343 1536 1423 post
1577 1345 1702 1404 Au-

508 1429 737 1512 gustum
767 1427 906 1486 haec
941 1426 1156 1504 judicia
1181 1425 1358 1506 magis
1382 1423 1703 1505 frequenta·
1727 1455 1730 1458 Δ

505 1513 556 1572 ri
599 1524 912 1587 coepemnt
938 1506 997 1585 ὃ,
1055 1507 1116 1567 ὃς
1157 1522 1390 1565 centum
1430 1526 1496 1563 ac
1538 1505 1702 1566 oeho-

506 1593 666 1674 ginta
680 1589 960 1649 ordinario
984 1588 1202 1670 judices
1230 1585 1531 1665 conscripti
1551 1586 1699 1663 sunt,

506 1673 643 1734 &in
669 1686 912 1751 quatuor
943 1673 1206 1749 Constlia,
1239 1667 1354 1726 five
1383 1665 1693 1727 Tribunalia

505 1753 669 1815 divisi
702 1764 738 1810 ⁶.
833 1754 919 1812 Hi
958 1753 1225 1810 Praetore
1265 1747 1641 1807 denunciante
1667 1770 1699 1808 a
1748 1751 1753 1763 '

508 1835 849 1896 Decemviris
863 1833 1099 1910 stlitibus
1122 1829 1428 1908 judicandis
1465 1825 1484 1864 f
1521 1848 1701 1910 coge-¹
1765 1830 1769 1835 ’

505 1916 712 1975 bantur
737 1956 756 1988 ‚
802 1914 897 1993 qui
935 1912 1082 1970 inter
1123 1909 1367 1968 minores
1408 1908 1698 1989 magistra-
1751 1926 1760 1931 ·

505 2013 596 2058 tus
623 2040 642 2071 9
691 1994 753 2052 &
791 1995 850 2053 in
892 1991 1127 2051 confilio
1169 1988 1448 2055 Praetoris
1487 2005 1645 2049 erant
1672 2019 1695 2064 3
1741 2051 1744 2055 ,

504 2098 571 2139 ac
612 2076 782 2136 etiam
838 2071 1226 2134 Centumviris
1268 2067 1697 2152 quodammodo

1540 2172 1701 2229 prae-

506 2289 534 2323 a
568 2270 657 2319 Cic.
678 2270 727 2317 de
759 2277 883 2316 Orat.
915 2276 962 2316 L.
994 2283 1031 2317 1-
1056 2285 1091 2317 c.
1118 2267 1189 2329 38·
1216 2280 1326 2312 omn·
1392 2261 1421 2309 b
1458 2261 1547 2308 Vid.
1569 2261 1595 2305 l.
1623 2262 1699 2321 76.

563 2347 631 2397 pr.
651 2330 765 2395 ffide
786 2334 909 2394 legat.
937 2347 980 2379 2.
1042 2347 1068 2379 c
1103 2331 1192 2377 Vid.
1214 2330 1401 2375 siccama
1423 2326 1471 2372 de
1487 2325 1584 2386 jud.
1603 2341 1697 2371 cen-

568 2398 751 2446 κινητήν.
785 2404 834 2443 L.
864 2410 905 2447 1.
926 2412 959 2442 c.
982 2395 1024 2441 6.
1047 2392 1353 2441 Suet.!Domit.
1374 2403 1406 2435 c.
1435 2404 1473 2436 1.
1538 2387 1567 2436 d
1603 2389 1697 2437 Vid-

561 2460 683 2510 Diae.
714 2461 761 2507 de
781 2461 830 2507 cl.
869 2466 995 2506 Orat.
1015 2474 1047 2505 c.
1073 2457 1150 2520 38,
1215 2470 1242 2503 e
1284 2454 1398 2500 Ptin.
1428 2451 1551 2513 Epist,
1577 2466 1618 2498 1.
1647 2468 1693 2499 n.

574 2524 645 2576 18.
673 2539 744 2573 1v.
767 2541 810 2569 n.
835 2535 1001 2582 24.v1.
1030 2538 1076 2570 n.
1110 2533 1185 2582 33.
1225 2516 1437 2579 Qinclit.
1461 2523 1511 2565 L.
1533 2529 1640 2567 ΧΗ.
1658 2531 1695 2566 c.

515 2602 518 2605 '
568 2602 610 2639 Ι.
677 2587 702 2636 f
729 2595 892 2638 Lucan.
924 2586 986 2635 ad
1013 2583 1147 2648 Pison.
1178 2583 1245 2646 vs.
1266 2595 1341 2643 41.
1773 2581 1776 2590 '
