1794 2933
238 135 688 209 ANTIQUITAT.
729 131 1004 193 ROMAN.
1173 137 1259 215 67

56 232 216 292 enim
269 230 560 312 Populum
616 231 847 311 quidem
891 232 1255 294 centuriatim

64 310 458 374 convocabant
489 341 510 386 3
570 312 662 372 sed
701 313 840 372 haec
882 328 1073 373 tamen
1116 335 1254 394 pro-

64 395 187 476 prie
227 393 456 453 comitia
496 415 613 453 non
656 409 815 452 erant
841 437 861 469 ,
917 408 983 452 ut
1023 414 1096 453 ex
1125 395 1254 456 data

68 474 453 535 Comitiorum
493 473 826 533 definitione
867 490 1025 554 patet
1053 503 1084 546 ς
1134 498 1253 536 non

67 557 217 614 enim
258 555 631 628 conveniebat
686 555 939 634 Populus
982 555 1052 614 ad
1066 556 1252 634 feren-

68 638 193 707 dum
229 638 292 696 de
330 640 512 714 aliqua
550 658 606 695 re
646 635 984 714 fitffragz'nnz.
1072 638 1154 695 At
1211 635 1254 705 fi

68 717 204 777 Rex
236 716 596 776 Sacrificulus
625 715 759 775 esset
788 715 1053 776 creandus
1081 716 1253 777 habe-

70 794 275 856 bantur
302 820 332 856 a
359 796 662 856 Pontifice.

150 878 412 937 Intereffe
450 879 513 935 iis
555 893 816 958 poterant
858 898 1052 936 omnes
1080 922 1099 953 ,
1156 881 1252 959 qui

60 962 211 1036 pleno
238 961 365 1036 jure
406 959 553 1017 cives
592 958 846 1017 Romani
890 974 1047 1017 erant
1074 1003 1094 1030 .‚
1137 959 1253 1018 hoc

73 1038 188 1115 est,
231 1037 695 1117 qnijnssnffragii
708 1039 1002 1114 habebant,
1047 1037 1257 1099 siveilli

72 1119 132 1178 in
146 1119 340 1196 Urbe‚·
386 1117 498 1177 five
526 1134 685 1178 extra
698 1117 924 1178 Urbem
940 1120 999 1178 in
1013 1120 1254 1178 munici-

74 1201 210 1281 piis,
252 1200 342 1260 vel
371 1199 641 1277 coloniis,
685 1197 885 1279 quibus
913 1198 970 1258 id
989 1200 1128 1280 juris
1157 1199 1253 1259 da-

0 1292 1 1349 ?
74 1295 201 1340 tum
229 1280 394 1356 effet5
437 1280 768 1340 habitarent.
853 1281 1027 1339 Anno
1082 1280 1259 1340 Urbis

73 1369 152 1421 66
162 1379 210 1441 3.
254 1365 383 1422 aL.
418 1363 571 1438 Julio
601 1362 824 1440 Caesare
855 1358 1105 1420 Consule
1149 1362 1258 1423 lata

72 1441 167 1501 lex
192 1443 273 1500 est
299 1486 319 1519 ‚
363 1462 471 1522 qua
512 1441 791 1502 universae
834 1442 1023 1501 Italiae
1065 1443 1260 1502 civitas

77 1543 210 1582 cum
250 1521 517 1603 suffragio
558 1522 685 1582 data
724 1523 832 1583 fuit
859 1552 880 1595 3
940 1522 1259 1582 licet-Grue-

75 1604 217 1663 chius
242 1616 264 1644 ²
296 1619 461 1686 putet
489 1604 658 1663 etiam
687 1621 947 1686 ternpore
963 1603 1260 1662 Ciceronis

77 1684 322 1827 ἷὲὶξῐῄέξ
390 1683 648 1766 quasdam
695 1688 787 1767 jus
840 1682 1088 1766 suffragii
1144 1705 1262 1743 non

196 1786 256 1824 ιιι
301 1786 351 1825 e.

162 1856 209 1916 §.
251 1846 363 1910 VI.
405 1846 560 1907 Ante
587 1847 839 1907 Comitia
865 1868 966 1929 per
1004 1848 1268 1907 trinundi-
1283 1846 1558 1918 peii53qtqafl

84 1945 240 2001 num,
281 1927 394 1986 hoc
423 1928 538 2005 est,
582 1934 684 2009 p'er
711 1943 816 1988 tres
842 1929 1133 2006 nundinas,
1179 1912 1363 2020 (e-n'c‘tsjff
1378 1918 1526 2022 ἵζ’·

83 2007 109 2045 b
136 2014 290 2080 τρίτην
324 2010 555 2084 ἀγορῶν)
602 2009 713 2069 five
741 2030 842 2092 per
857 2011 963 2068 dies
988 2011 1266 2088 viginti&
1282 1987 1451 2089 deeim-

80 2093 186 2146 οὲἶο
230 2086 478 2147 edictum
518 2090 945 2170 proponebatur
972 2133 993 2166 ‚
1038 2089 1268 2168 (saltem

85 2182 348 2248 tempore
402 2168 692 2231 Ciceronis
718 2214 738 2247 ,
795 2187 954 2230 antea
1009 2172 1160 2230 enim
1213 2173 1273 2234 in

84 2248 511 2329 Magistratibus
553 2250 799 2310 creandis
841 2251 955 2309 hoc
1010 2251 1273 2312 omiffum

87 2328 359 2405 videtur)
405 2351 519 2427 quo
563 2330 678 2390 dies
720 2331 1111 2391 Comitiorurn
1155 2332 1272 2390 edj-

654 2412 708 2472 E
751 2431 787 2471 2
1177 2433 1270 2472 ce-

90 2533 119 2570 a
149 2519 378 2646 {Jesgomi'n
407 2530 530 2578 Rom.
563 2537 604 2580 1.
636 2541 670 2591 ς.
705 2539 750 2589 3.
814 2523 844 2575 b
875 2524 1007 2578 Dion.
1038 2524 1140 2608 Ηαζ.
1166 2529 1276 2593 γης
