1794 2933
309 119 764 196 'AN’rlQH‘rA’r-
801 115 1083 183 Roman.
1162 121 1292 199 '519

0 247 15 287 n
90 224 221 282 Cam
249 237 473 286 tantum
499 222 771 283 haberent
798 231 840 280 ².
904 218 1293 284 Patriciorum

0 327 28 373 lt
88 320 284 368 autem
312 305 511 367 calceis
550 309 734 367 lunula
762 317 880 365 erat
905 302 1095 365 adsuta
1108 349 1130 383 ,
1174 303 1292 368 five

0 412 30 452 n-
92 400 221 449 κοῖαι
257 391 461 450 numeri
513 391 843 464 centenarii,
914 386 1070 469 quod
1122 387 1292 449 initio

0 487 25 514 '·
93 469 327 530 Patricii
369 472 666 532 Senatores
720 483 924 530 centum
975 467 1182 529 fuerint
1211 467 1237 508 b
1267 496 1293 542 3

66 570 336 633 ·eamque
361 567 558 612 notam
586 554 758 612 etiam
785 566 917 611 ante
946 566 1189 611 aetatem
1214 549 1298 609 se-

99 633 377 693 natoriam
446 631 739 714 gestabant
780 645 822 690 ⁸.
930 631 1299 713 Plebejorum

0 720 28 779 ni
98 730 289 775 autem
349 716 689 776 Senatorum
733 714 907 774 calcei
948 713 1126 772 lunati
1169 713 1298 795 qui-

0 823 28 860 a·
99 792 232 855 dem
277 818 396 856 non
435 795 700 856 videntur
737 795 929 865 fuisse3
974 793 1065 853 sed
1106 810 1300 855 tamen

0 883 28 941 ui
101 896 135 934 a
160 877 394 961 plebejis
433 875 652 938 diverfi.
735 876 806 936 In
845 874 1014 937 Urbe
1037 895 1176 934 vero
1211 876 1296 950 fh-

0 959 27 975 ’“
103 960 234 1018 leati
274 958 549 1019 duntaxat
576 958 734 1038 saepe
759 956 917 1017 fuisse
957 955 1222 1017 videntur
1246 957 1294 1015 d.

0 1041 29 1106 ξ.
103 1035 336 1101 Tibialz'a
375 1057 590 1102 veteres
627 1059 747 1098 non
786 1037 1105 1098 habuerunt
1134 1057 1147 1093 ε
1205 1036 1298 1096 sed

0 1133 28 1187 a.
98 1117 448 1183 delicatiores
475 1166 496 1198 ‚
592 1138 690 1191 aut
746 1119 1084 1180 infirmiores
1137 1138 1302 1178 crura

0 1231 25 1268 1-
106 1202 287 1264 fasciis
314 1202 716 1265 obvolvebant.
747 1215 788 1261 θ.

0 1394 28 1432 Π,
107 1379 136 1414 a
168 1366 259 1416 Vid.
290 1375 427 1417 Senec.
456 1366 506 1415 de
538 1365 774 1426 Tranquill.
807 1381 882 1414 an.
915 1381 952 1413 c.
990 1377 1062 1413 11.
1136 1361 1167 1411 b
1201 1363 1302 1427 Ifid.

171 1431 206 1478 l.
241 1433 285 1482 d.
382 1445 407 1479 c
453 1437 564 1478 Stat.
594 1431 723 1492 Sylv.
754 1444 799 1478 v-
834 1443 880 1476 2.
911 1432 980 1492 vs
1012 1427 1090 1476 28.
1154 1427 1185 1476 d
1216 1436 1305 1475 Ho-

170 1509 259 1546 rat.
289 1493 418 1560 Epist.
458 1508 499 1543 1.
535 1507 604 1556 13-
640 1493 782 1541 Plaut.
817 1499 942 1540 Truc.
974 1497 1042 1539 A.
1065 1506 1134 1541 11·
1171 1498 1210 1538 S·
1235 1506 1308 1539 xv.

173 1561 242 1621 vfi
278 1575 349 1609 12.
388 1558 462 1608 16.
539 1572 566 1606 e
598 1565 732 1604 Varro
761 1557 807 1612 in
836 1563 1001 1604 Catone
1026 1566 1070 1618 p.
1105 1555 1208 1604 160.
1239 1556 1309 1604 ed.

172 1636 255 1737 ἕξιν.
287 1624 383 1687 five
417 1622 594 1735 6Durdr.
623 1632 693 1685 ap.
745 1629 863 1671 Non.
897 1634 942 1686 p.
977 1618 1082 1682 138.
1121 1619 1184 1668 ed.
1223 1629 1306 1682 opt.

86 1723 93 1731 -
229 1702 325 1737 ant.
357 1703 410 1750 15
450 1704 493 1750 ς.

194 1850 539 1914 CAPUT
611 1841 1227 1911 SECUNDUM.

322 2013 417 2073 De
455 2016 657 2072 ratione
698 2015 1097 2073 Conviviorum.

66 2230 69 2238 ,
114 2188 161 2252 ς.
206 2176 253 2236 Ι.
420 2175 610 2234 omani
651 2171 1037 2255 antiquiffimis
1080 2186 1309 2249 tempo·
1329 2175 1571 2225 Deratiam

305 2189 416 2316 R
486 2254 638 2315 ribus
704 2255 773 2314 ad
843 2250 1088 2314 mensam
1156 2248 1305 2310 sede·
1320 2239 1567 2314 ⁴5⁶“mbm‘

24 2384 30 2394 .
112 2339 251 2401 bant
283 2348 336 2414 ³,
379 2335 537 2417 quod
576 2358 608 2396 a
653 2334 979 2395 mulieribus
1034 2351 1310 2391 verecun-
1326 2306 1385 2356 α’·

113 2420 234 2481 diae
275 2418 456 2479 cauffa
508 2415 852 2498 aliquamdiu
907 2414 1080 2476 etiam
1122 2428 1308 2474 reten-

1185 2509 1312 2556 tum

24 2579 30 2592 ⁹
111 2602 140 2638 ²
171 2606 292 2651 Serv.
313 2599 375 2650 ad
403 2599 512 2667 Virg·
531 2605 650 2668 Afin-
672 2591 781 2654 vix.
812 2599 880 2664 vs:
912 2598 1022 2659 176·
