1721 2933
417 109 541 195 548
784 75 1366 181 CoMPEnan

418 211 529 284 hac
569 231 709 293 aqua
752 214 1091 274 nubentium
1131 214 1299 296 pedes
1351 216 1619 280 lavabam-²
1696 270 1702 281 .

421 304 589 352 tura.
672 293 901 352 Deinde
942 293 1199 376 sponsae,
1243 300 1476 378 ejusque
1515 321 1616 360 co·
1693 301 1698 311 '

421 373 656 434 mitibus
682 393 714 431 a
756 373 976 454 Sponso
1017 375 1253 437 dabatur
1293 398 1470 437 coena
1512 400 1620 438 nu·
1711 382 1715 387 ’

419 454 606 592 Etialis
635 452 693 529 ι’,
737 455 1215 534 quemadmodum
1259 458 1318 516 in
1359 458 1618 540 sponsali-

464 553 526 592 us
567 533 812 614 Sponsa,
854 537 945 596 vel
972 558 1090 616 ejus
1131 556 1384 618 parentes
1416 553 1437 578 ⁶
1483 561 1616 600 coe-

420 633 554 673 nam
595 615 819 676 dabant.
901 618 972 676 In
999 618 1105 677 hac
1148 638 1327 678 coena
1362 619 1618 682 tibicines
1698 643 1707 655 ¹·

421 694 832 757 adhibebantur
858 743 878 776 ‚
937 697 998 757 <Sc
1037 701 1308 759 convivae
1363 700 1641 778 Τιιίαιβῖο-Α
1698 700 1707 724 '⁴

421 797 541 837 nem
569 775 592 814 ‘¹
621 821 641 854 ‚
710 779 801 839 vel
872 779 1135 858 Talastum
1205 781 1545 842 invocabant
1592 797 1615 826 θ

425 863 516 936 (ut
545 861 753 920 Graeci
780 862 1140 936 Hymenaeum
1184 860 1233 934 f)
1263 863 1322 920 in
1347 864 1616 922 memori-

423 959 516 999 am
561 940 772 1017 Talaffli
804 954 827 992 g
870 940 1193 1024 cujusdam,
1236 944 1333 1022 qui
1373 965 1507 1004 cum
1548 965 1616 1002 u-

427 1041 573 1082 xore
611 1021 701 1081 sua
728 1044 760 1082 a
803 1023 1017 1084 Sabinis
1057 1040 1214 1104 rapta
1253 1044 1351 1104 per
1405 1026 1618 1085 multos

426 1122 603 1162 annos
641 1103 948 1164 feliciffime
990 1104 1237 1166 vixerat:
1283 1105 1374 1165 vel
1416 1105 1492 1165 ob
1532 1111 1615 1167 la-

427 1187 592 1263 nificii
647 1186 1000 1248 mentionem
1028 1188 1089 1262 ¹¹,
1157 1185 1311 1269 quod
1382 1186 1618 1247 Graecis

426 1267 670 1344 ταλαζέαι
724 1267 947 1328 dicitur.
1029 1268 1186 1328 Mox
1238 1288 1386 1331 nuces
1424 1267 1437 1305 ¹
1477 1289 1617 1348 pue-
1695 1253 1718 1345 f

428 1348 503 1407 ris
529 1347 959 1429 spargebantur,
990 1352 1150 1428 cujus
1177 1350 1254 1407 rei
1281 1348 1422 1407 ratio
1450 1349 1617 1408 veris·-

428 1428 569 1489 sima
596 1431 819 1489 videtur
844 1431 1033 1506 fuiffe,
1075 1445 1140 1488 ut
1167 1430 1244 1489 ita
1285 1450 1366 1488 res
1391 1431 1639 1489 ludicras·

426 1509 482 1569 se
534 1510 844 1591 relinquere
897 1511 1228 1571 testarentur
1253 1509 1324 1567 k:
1383 1510 1444 1570 &
1480 1531 1615 1590 pro-

427 1607 620 1671 pterea
647 1593 814 1651 etiam
844 1613 1061 1672 puppas
1088 1592 1202 1651 suas
1230 1592 1444 1652 Veneri
1472 1611 1612 1649 con-

427 1671 712 1732 secrabant
751 1672 972 1754 sponsae
1011 1674 1041 1732 ¹.
1123 1674 1290 1732 Pueri
1328 1692 1463 1730 vero
1494 1691 1617 1730 car·
1696 1750 1698 1758 γ

428 1754 584 1814 mina
651 1754 921 1834 quaedam
979 1753 1252 1814 obscoena
1306 1752 1364 1810 ὃς
1420 1750 1617 1812 lasciva

427 1833 727 1895 cantabant
753 1878 774 1911 ‚
829 1836 1137 1914 Fefiennina
1159 1845 1200 1872 ¹¹²
1240 1830 1386 1891 dista
1412 1859 1432 1905 5
1479 1832 1566 1891 vel
1578 1876 1616 1977 ἆ

1460 1933 1574 1993 quo

428 2074 456 2109 a
486 2068 607 2108 Serv·
641 2061 703 2107 ad
729 2066 842 2110 Aen.
879 2075 951 2110 xv.
985 2060 1087 2118 167.
1182 2059 1210 2108 b
1242 2060 1413 2119 Juven.
1442 2074 1519 2108 v1.
1549 2058 1618 2120 vs:

491 2138 599 2185 203.
693 2141 720 2175 c
761 2126 848 2172 Cic.
878 2124 984 2187 epjsl.
1015 2124 1076 2170 ad
1101 2125 1254 2186 Qim·
1286 2126 1354 2183 fr.
1391 2137 1460 2171 11.
1491 2140 1535 2169 n.
1571 2139 1616 2184 ς.

494 2190 526 2237 d
562 2189 653 2237 Vid.
685 2190 891 2238 Martiae.
926 2203 967 2236 1.
997 2205 1038 2234 n·
1077 2202 1151 2250 35.
1235 2203 1261 2235 e
1294 2188 1409 2235 Plut.
1441 2187 1615 2234 Romul.

490 2264 533 2313 p.
575 2269 635 2300 m.
665 2253 738 2300 26-
783 2259 839 2298 B.
936 2253 961 2299 f
1008 2259 1126 2300 Serv.
1167 2252 1229 2298 ad
1270 2257 1384 2298 Aen.
1421 2264 1461 2296 1.
1503 2252 1615 2311 655.
1693 2283 1699 2294 .

490 2330 565 2364 1v.
596 2331 673 2378 99.
707 2318 813 2379 316.
906 2330 936 2378 g
986 2317 1088 2362 Liv.
1124 2323 1160 2362 Ι.
1202 2332 1233 2361 c·
1270 2329 1314 2373 9.
1411 2312 1441 2360 h
1496 2315 1616 2362 Plut.

488 2380 659 2441 Qaest-
703 2388 824 2428 Rom.
851 2390 894 2439 p.
925 2396 985 2425 m
1017 2392 1124 2436 271.
1156 2382 1207 2424 E.
1252 2384 1383 2423 Varro
1413 2386 1481 2435 ap.
1510 2376 1614 2435 Pell.-

486 2455 533 2489 v.
567 2442 745 2504 Talafio.
839 2443 855 2490 i
909 2442 1073 2492 catull.
1105 2456 1236 2487 carm.
1270 2440 1345 2487 62.
1438 2438 1469 2486 k
1522 2440 1616 2487 Vid.

487 2509 605 2568 Pers.
637 2513 678 2553 S.
715 2521 755 2556 1.
786 2509 853 2568 νβ
891 2523 965 2557 10.
1028 2503 1045 2556 l
1075 2511 1199 2570 Pes-n
1230 2517 1303 2557 11.
1326 2516 1399 2566 70.
1464 2516 1514 2554 m
1545 2509 1614 2569 Sq-

484 2583 569 2620 nec.
601 2569 720 2621 Med.
750 2574 817 2635 νῇ
850 2584 952 2635 113.
1155 2568 1162 2572 ’
