1794 2933
480 122 577 197 7⁶·
794 115 1429 192 CoMPENDIUM‘

485 232 627 292 quae
656 213 716 283 in
742 216 979 279 introitu
1008 223 1166 284 ovilis
1194 247 1226 285 a
1268 231 1617 308 Rogatoribus
1652 249 1678 287 ².
1731 292 1736 301 ,

491 293 593 368 (ita
619 292 983 377 dicebantur,
1026 308 1115 381 qui
1155 310 1376 368 tabellas
1402 330 1675 393 rogarent,

488 370 601 431 five
628 377 955 454 reposcerent)
1003 385 1446 466 monstrabatur,
1492 397 1673 475 conji-
1713 455 1723 467 ‚

487 452 689 513 ciebat.
773 458 935 519 Tum
965 465 1205 540 Custodes
1253 473 1443 547 (erant
1483 470 1672 537 autem

486 533 546 592 hi
575 556 768 594 omnes
785 581 804 613 ,
847 557 912 599 ut
940 542 1000 602 δε
1028 545 1382 628 Rogatores,
1427 553 1487 613 ὃς
1514 556 1671 616 Diri-
1761 546 1767 602 ’-

487 611 695 674 bitores
726 638 797 677 ex
823 622 953 680 viris
981 623 1323 689 nobiliffimis
1337 660 1358 702 3
1405 635 1428 673 b
1457 635 1517 693 δί
1546 638 1670 716 qui-

486 691 615 752 dem
645 717 716 754 ex
745 700 935 760 amicis
962 725 1113 783 epis,
1156 713 1314 788 cujus
1354 734 1437 772 res
1467 715 1668 776 Comi-

486 773 576 831 tiis
605 775 906 856 agebatur3
953 796 973 822 0
1011 787 1104 864 qui
1134 808 1247 866 quo
1277 791 1447 851 effent
1488 800 1668 874 maio-

483 854 555 911 ris
582 855 901 938 dignitatis,
931 884 1000 922 eo
1029 868 1209 946 major
1236 871 1512 932 candidati
1539 871 1666 956 glo-

484 934 564 993 ria
589 935 895 1002 habebatur
921 942 945 982 d
962 966 974 1002 ε
993 946 1185 1024 postea
1210 971 1345 1010 vero
1375 956 1513 1012 certi
1582 959 1668 1015 uia

485 1013 616 1074 dam
659 1022 875 1097 custodes
912 1045 982 1084 ex
1026 1026 1282 1108 Equestri
1324 1034 1517 1093 ordine
1565 1053 1667 1097 unt

486 1099 679 1171 creati)
710 1103 961 1180 custodes,
989 1107 1249 1187 inquam,
1278 1113 1504 1174 tabellas
1530 1116 1689 1175 edu-.
1767 1119 1770 1121 Δ

484 1175 686 1236 cebant
702 1224 720 1254 ‚
765 1182 825 1241 ὃς
842 1192 1047 1260 punb‘h's
1071 1191 1130 1250 in
1155 1195 1254 1252 alia
1281 1193 1486 1253 tabella
1505 1212 1665 1257 nota-

484 1256 554 1312 tis
583 1257 930 1339 singulorum
956 1265 1245 1332 sententias
1273 1275 1662 1353 numerabant,

486 1337 659 1411 (unde-
674 1350 871 1416 punffa
912 1367 1188 1412 vocantur
1213 1360 1533 1434 stngulorum
1559 1357 1666 1416 ho*

483 1418 702 1477 minum
714 1422 1004 1496 fintentiae
1029 1431 1080 1500 e)
1125 1435 1185 1493 &
1226 1436 1379 1515 quod
1418 1436 1673 1517 pluribus.

479 1496 768 1575 placuisset
822 1525 922 1583 per
977 1530 1314 1589 praeconem
1368 1538 1474 1597 pro
1514 1516 1665 1577 istius

482 1581 764 1640 centuriae
831 1582 1091 1669 suffragio
1173 1595 1664 1674 pronunciabatur.

484 1657 580 1715 Sic
607 1658 818 1722 dimiffa
845 1671 1093 1729 centuria
1134 1679 1519 1758 praerogativa
1558 1699 1662 1735 vo-

480 1737 752 1800 cabantur
777 1743 909 1804 aliae
949 1755 1228 1814 centuriae
1256 1801 1276 1832 ,
1332 1778 1471 1837 quae
1511 1756 1661 1816 dice—

477 1814 685 1878 bantur
715 1825 854 1898 Jure
881 1844 1095 1888 vocatae
1119 1828 1165 1891 f.
1210 1836 1271 1895 ὃς
1298 1836 1411 1895 hoc
1439 1852 1662 1913 eatenus
1745 1872 1750 1874 -

478 1895 684 1976 fiebat,
726 1901 908 1965 donec
953 1913 1133 1990 major
1171 1935 1434 1976 numerus
1463 1933 1660 1977 centu-

475 1977 681 2039 riarum
698 2027 717 2057 ‚
761 1990 1065 2068 nonaginta
1090 1992 1300 2074 septem
1327 1996 1572 2073 scilicet,
1600 1999 1660 2058 in

475 2058 707 2119 eandem
747 2062 1070 2129 sententiam
1115 2078 1493 2137 convenissent
1523 2102 1535 2138 :
1592 2099 1658 2137 ac

474 2138 626 2216 quod
653 2142 775 2201 illae
803 2147 1168 2230 censtiiffent,-
1199 2158 1432 2217 omnino
1470 2174 1655 2217 ratum

1557 2238 1654 2296 ha-

473 2312 498 2344 a
531 2299 592 2346 Id.
610 2302 695 2362 post
714 2304 797 2351 red.
831 2307 875 2354 in
909 2316 1000 2358 Sen.
1030 2329 1062 2360 c.
1097 2328 1166 2361 11.
1234 2315 1262 2363 b
1296 2317 1357 2364 Id.
1388 2317 1432 2363 in
1459 2318 1596 2377 Pifim.
1617 2335 1653 2370 c.

541 2375 612 2423 15.
678 2381 703 2413 c
735 2367 798 2413 Id.
814 2369 897 2431 post
933 2374 1018 2420 red,
1039 2376 1084 2421 in
1105 2384 1196 2423 Sen.
1220 2394 1254 2424 c.
1280 2392 1323 2437 7.
1390 2380 1419 2428 d
1453 2380 1516 2426 Ib.
1537 2396 1656 2430 c.11.

539 2438 566 2471 e
597 2437 745 2484 Horat.
766 2430 814 2479 ‚de
834 2439 946 2481 Arte
967 2438 1034 2496 νβ
1062 2452 1170 2500 343.
1192 2442 1278 2488 Cic.
1295 2454 1371 2502 pro
1392 2450 1514 2492 Mur.
1534 2461 1566 2493 c.
1584 2457 1658 2505 34.

535 2489 603 2541 Id.
619 2504 692 2552 pro
714 2492 858 2556 Plane.
887 2513 924 2544 c.
946 2512 1019 2546 22.
1083 2502 1109 2549 f
1133 2504 1222 2551 Vid.
1245 2505 1347 2559 Liv.
1366 2520 1479 2574 xXYI
1492 2523 1533 2559 1.
1554 2524 1590 2563 c.
1611 2508 1658 2560 6.

529 2552 686 2615 Ascon.
716 2556 774 2605 ad
794 2561 900 2613 ΑΒ.
925 2574 965 2612 1.
988 2563 1033 2615 in
1056 2571 1170 2633 Kerr.
1190 2583 1225 2619 c.
1247 2582 1295 2630 9.
