1794 2933
510 158 633 205 ιη
843 138 1425 204 CoMPENDIUM

505 264 635 305 reus
679 262 815 303 cum
857 241 1049 301 amicis
1078 240 1138 300 &
1169 242 1425 323 cognatis
1471 240 1710 323 suissbrss

500 326 683 385 didam
729 335 784 399 ²,
830 321 942 381 five
971 319 1287 382 obsoletum
1317 322 1574 384 habiturn
1607 326 1704 385 ad-
1772 321 1774 323 ’

499 404 786 478 sumebat,
833 402 893 462 &
987 417 1214 462 atronos
1258 402 1358 462 fibi
1403 406 1704 485 conquire·
1745 440 1749 442 -

505 484 619 545 bat.
719 484 873 543 Cum
969 485 1044 543 ies
1100 483 1285 544 dietus
1354 484 1654 545 advenisset
1681 533 1703 564 ‚

505 564 892 641 accusatores,
935 585 1057 624 reus
1103 565 1162 624 &
1190 567 1415 647 patroni
1444 568 1563 647 ejus
1604 589 1705 647 per

501 667 844 729 praeconem
904 649 1254 722 citabantur,
1323 648 1531 728 quique
1583 669 1703 709 non

501 727 757 787 adfuisset
785 772 806 804 ‚
861 729 1032 804 caitſjiz
1076 729 1290 787 cadebat
1317 727 1342 765 b
1374 750 1385 786 ε
1446 727 1560 787 five
1599 729 1697 789 ab·

498 808 653 870 sente
679 807 1001 868 accusatore
1028 809 1106 866 rei
1149 828 1358 866 nomen
1385 829 1456 867 cx
1500 808 1700 870 tabulis

498 891 854 950 eximebatur
903 903 942 948 0.
1026 889 1084 949 Si
1142 889 1383 947 adessent
1412 934 1433 967 ,
1486 889 1702 966 sortitio

483 974 732 1053 judicum
790 969 964 1029 fiebat
1004 989 1073 1027 eo
1116 990 1354 1029 numero
1386 969 1409 1007 ‘³
1437 1014 1457 1046 ,
1528 992 1699 1050 quem

499 1052 596 1113 lex
640 1050 1081 1134 praescribebat3
1130 1051 1191 1109 &
1219 1072 1289 1109 ex
1318 1051 1457 1126 illis,
1503 1053 1597 1132 qui
1626 1074 1697 1112 eo

502 1157 653 1196 anno
672 1133 750 1193 ad
771 1131 985 1216 judicia
1012 1131 1196 1191 selecti
1225 1148 1382 1191 erant
1423 1145 1472 1191 ⁶³:
1520 1155 1695 1213 quae,

501 1232 570 1277 ut
603 1218 724 1297 jam
752 1230 913 1274 antea
951 1213 1224 1289 vidimUS‚
1268 1213 1563 1294 aliquando
1595 1237 1695 1295 pe-

500 1319 600 1360 nes
630 1300 956 1370 SenatorCS,
998 1294 1292 1374 aliquando
1320 1315 1486 1373 penes
1516 1295 1695 1376 Equi-

501 1398 585 1439 tes
621 1378 850 1437 fuerunt
881 1405 899 1447 3
947 1374 1146 1456 quibus
1186 1375 1416 1435 demum
1456 1395 1530 1433 ex
1570 1376 1698 1457 lege

500 1464 716 1523 Aurelii
744 1462 930 1518 Cottae
974 1459 1247 1519 Praetoris
1274 1455 1544 1515 accessere
1575 1457 1695 1515 Tri-

431 1542 435 1546 ’
500 1543 627 1600 bum·
679 1544 878 1599 aerarii
918 1537 964 1597 s:
1038 1559 1177 1620 quos
1234 1537 1449 1597 sustulit
1509 1537 1695 1614 Julius

500 1620 701 1681 Caesar
729 1634 753 1671 g
771 1643 783 1680 ε
827 1619 915 1679 sed
959 1619 1021 1677 iis
1047 1619 1311 1678 restitutis
1363 1620 1695 1678 Ducenarios

501 1701 715 1761 addidit
756 1699 1043 1782 Augustus
1069 1744 1090 1777 ,
1134 1700 1228 1781 qui
1272 1700 1341 1758 de
1393 1697 1694 1758 levioribus

502 1782 730 1842 summis
758 1781 1069 1860 judicarent
1099 1781 1142 1837 h.
1227 1781 1322 1838 Ex
1353 1779 1435 1836 his
1464 1779 1688 1859 litigan-

498 1880 615 1939 τες,
660 1856 799 1943 quos
826 1862 1054 1920 idoneos
1098 1859 1197 1920 fibi
1226 1881 1342 1918 non
1384 1858 1692 1939 putabant,

497 1945 707 2023 rejicere
749 1958 1011 2024 poterant
1051 1942 1111 2014 ³3
1185 1957 1352 2022 atque
1393 1943 1450 1998 in
1491 1960 1692 1999 eorum

1498 2019 1696 2080 locum

504 2120 530 2155 a
564 2106 590 2154 l.
612 2121 685 2169 39,
708 2105 757 2167 ff
777 2105 823 2150 de
846 2106 979 2165 injur.
1014 2112 1113 2150 sz.
1149 2119 1219 2151 11.
1241 2120 1275 2148 c.
1306 2116 1376 2163 54.
1470 2101 1498 2148 b
1531 2105 1690 2162 Afton.

563 2170 609 2216 in
630 2187 795 2230 argum.
829 2169 1069 2216 Cornelian.
1155 2183 1180 2213 c
1215 2168 1300 2214 Cic.
1324 2169 1440 2211 Verr.
1476 2171 1525 2210 L.
1559 2179 1629 2210 11.
1651 2181 1687 2213 c.

563 2249 639 2290 40.
662 2250 715 2283 (9¹
742 2241 787 2279 L.
820 2248 889 2280 1v.
924 2246 1052 2291 «219.
1141 2231 1169 2278 d
1205 2232 1265 2276 Id.
1293 2230 1338 2275 in
1360 2237 1545 2274 Prooem.
1582 2231 1694 2273 Αέῖ.

563 2298 610 2346 in
642 2306 756 2343 Verr.
786 2311 838 2345 εν
860 2313 892 2342 c.
913 2296 957 2342 6.
1041 2310 1067 2341 e
1101 2296 1191 2341 Vici.
1215 2295 1261 2340 de
1286 2292 1364 2337 hac
1386 2308 1429 2336 re
1450 2307 1559 2336 omn.
1604 2299 1690 2337 Pa·

569 2362 663 2408 tric.
692 2361 752 2405 ad
780 2367 856 2405 Or.
884 2371 958 2418 pro
999 2366 1168 2408 Scauro,
1189 2369 1229 2418 p.
1266 2355 1399 2402 1006.
1432 2355 1505 2400 ed.·
1528 2359 1674 2399 Graev

571 2425 599 2471 f
623 2427 776 2482 Ascon.
801 2422 859 2467 ad
897 2429 971 2466 Or.
994 2423 1039 2466 in
1070 2421 1153 2480 Pis.
1175 2437 1208 2465 ι.
1240 2432 1314 2480 39.
1377 2431 1406 2478 g
1439 2425 1546 2462 Suet.
1587 2390 1691 2475 Jul:
1765 2475 1767 2479 Δ

568 2504 602 2535 c.
627 2504 701 2543 4¹-
765 2485 794 2532 h
830 2485 889 2530 Id.
919 2490 1030 2541 Aug.
1051 2499 1085 2528 c.
1109 2495 1180 2544 32.
1245 2484 1259 2528 i
1296 2480 1373 2527 Vid
1394 2480 1581 2526 Abram.
1603 2494 1693 2528 not.
1755 2515 1758 2521 .

567 2551 631 2596 ad
651 2549 794 2659 Giezin
820 2549 1091 2598 Vatin.c.11.
1115 2553 1165 2598 P.
1182 2543 1419 2594 Manat-in
1431 2547 1693 2606 argum.10r.

563 2625 638 2677 pro
659 2622 729 2662 Mt
749 2648 759 2661 .
