1794 2933
485 143 609 205 '216
740 196 743 198 .
824 144 1402 219 CoMPENDwM

483 240 757 305 Tabellae
796 263 986 306 autem
1014 268 1171 311 erant
1212 255 1462 337 triplices
1490 267 1546 338 ²,
1589 263 1688 325 U*
1748 282 1773 339 ‚j

484 342 558 384 na
596 324 958 405 absolutionis,
1020 332 1078 390 in
1107 354 1216 413 qua
1245 356 1362 398 erat
1403 340 1562 401 litera
1602 346 1679 406 A.
1768 351 1769 354 ’

484 403 683 463 Altera
738 410 1169 473 condemnationis
1196 459 1216 492 ‚
1272 418 1330 477 in
1372 442 1482 501 qua
1520 422 1681 486 litera

449 477 542 541 ‘C
571 486 611 543 b.
694 484 894 549 Tertia
933 497 1314 574 ampliationis,
1358 501 1416 560 in
1457 525 1566 584 qua
1606 505 1676 564 li·
1768 537 1777 573 7-

483 577 634 623 terae
662 568 746 623 N.
777 570 847 627 L.
894 569 1306 655 significantes,
1348 585 1479 642 Non
1492 589 1678 663 liquet:
1764 596 1777 665 g

484 643 547 702 &
600 646 738 705 haec
794 652 1081 731 ampliatio
1121 657 1344 719 incertis
1389 664 1677 742 judicibus
1743 675 1777 736 ,ἰ

481 741 676 786 utmm
720 727 1032 810 absolvere,
1075 757 1145 795 an
1186 741 1559 805 condemnare
1586 769 1673 806 re·
1773 746 1777 753 ¹

481 822 582 864 um
612 806 915 888 deberent,
959 813 1166 896 saepius
1209 819 1330 879 fieri
1373 841 1596 902 poterat
1627 841 1669 887 ⁰.

480 886 613 947 Hae
668 888 901 952 tabellae
942 916 973 952 a
1035 898 1318 978 judicibus
1371 905 1430 962 in
1483 928 1671 968 arnam
1760 908 1772 930 ⁸

479 970 932 1049 conjiciebantur
959 975 1029 1047 ‘¹3
1104 980 1254 1039 unde
1310 1004 1442 1043 cum
1498 987 1671 1049 effent

479 1048 711 1111 eductae
740 1095 759 1127 ‚
815 1055 1048 1115 Praetor
1088 1059 1407 1136 sententiam
1434 1110 1454 1142 ,
1510 1071 1668 1148 post-

479 1149 649 1208 quam
705 1153 826 1192 eam
870 1157 941 1195 ex
998 1138 1211 1200 tabellis
1265 1150 1619 1226 cognoviffet
1647 1196 1668 1228 ‚
1722 1162 1725 1166 '

480 1217 807 1291 (praetexta
846 1218 996 1295 prius
1036 1220 1217 1299 pofita
1251 1225 1305 1296 e)
1350 1236 1666 1303 pronuncia·
1748 1299 1750 1302 y

479 1291 573 1348 bat
587 1309 741 1354 certa
770 1294 1014 1358 formula
1041 1321 1379 1386 conceptam
1396 1351 1415 1383 ³
1431 1307 1664 1390 scilicet,

477 1372 654 1431 videri
678 1379 902 1453 aliquem
915 1383 1121 1458 aliquid
1128 1383 1340 1464 feciſje,
1386 1393 1474 1465 (ut
1502 1412 1661 1452 nem-

476 1472 551 1530 pe
577 1453 941 1517 dubitationis
982 1461 1222 1542 aliquam
1249 1465 1490 1547 speciem
1533 1494 1665 1550 prae

476 1529 530 1589 se
571 1532 814 1611 ferrent)
865 1539 998 1616 vel,
1041 1545 1214 1603 videri
1239 1548 1368 1624 jare
1393 1551 1574 1627 feeiſje
1609 1558 1624 1593 ¹
1641 1599 1665 1630 ,

476 1613 567 1671 vel
597 1633 824 1685 contra:
859 1622 1042 1699 aequis
1070 1641 1259 1684 autem
1287 1627 1558 1710 suffragiis
1572 1655 1659 1691 re-

476 1711 540 1750 us
566 1694 952 1757 absolvebatur
983 1715 1024 1757 g.
1098 1705 1290 1785 Atque
1317 1711 1375 1766 in
1403 1710 1513 1790 ipsa
1541 1712 1659 1772 for-

473 1775 628 1834 mula
667 1779 1147 1841 condemnationis
1186 1788 1368 1846 Poena
1409 1791 1658 1869 plerum-

473 1873 583 1932 que
623 1858 790 1918 etiam
831 1862 1251 1940 exprimebatur
1291 1869 1405 1928 hoc
1434 1873 1610 1932 modo
1638 1920 1660 1953 ‚

548 1963 554 1967 ·
855 1956 857 1959 ·
1561 1975 1660 2017 ex-

473 2106 498 2141 a
531 2097 683 2153 Aſson.
716 2102 772 2147 ad
806 2104 893 2150 Cic.
925 2104 1079 2153 Divin.
1096 2107 1142 2154 in
1175 2116 1290 2164 Verr.
1321 2131 1352 2162 c.
1377 2127 1418 2173 7.
1455 2115 1546 2163 Vid.
1580 2125 1657 2166 Or.

530 2171 604 2221 pro
628 2164 801 2211 Cluent.
827 2185 858 2213 c.
877 2165 943 2214 18.
999 2171 1026 2217 b
1061 2174 1148 2218 Cic.
1166 2187 1239 2231 pro
1264 2179 1356 2223 Mil.
1375 2181 1460 2226 c.6.
1507 2195 1532 2226 c
1560 2182 1656 2230 Val.

534 2231 663 2272 Max.
697 2243 892 2277 v111.c.
925 2247 961 2278 1.
995 2235 1092 2280 Liv.
1126 2253 1414 2288 xL111.c.2.
1487 2242 1515 2290 d
1561 2245 1653 2294 Vid.

535 2288 642 2349 Virg.
675 2298 791 2339 Aen.
812 2309 870 2339 v1.
893 2295 959 2352 vs]
980 2311 1085 2358 431.
1161 2316 1187 2347 e
1221 2310 1350 2350 Senes.
1378 2305 1424 2350 de
1447 2313 1530 2351 Ira.
1560 2322 1597 2356 1.
1617 2325 1652 2356 c.

538 2352 609 2397 16.
644 2355 732 2400 Val.
770 2363 898 2402 Max.
927 2372 994 2405 1x.
1015 2377 1047 2406 c.
1086 2377 1153 2408 12.
1188 2381 1229 2410 n.
1255 2379 1296 2423 7.
1374 2368 1410 2414 .f
1437 2369 1525 2414 Vid.
1561 2371 1651 2418 Cic.

530 2417 691 2462 Lucull.
715 2420 822 2477 vers
839 2419 914 2475 fin.
978 2436 1008 2482 g
1043 2423 1099 2468 Id.
1117 2439 1190 2483 pro
1222 2430 1392 2476 Cluent.
1413 2447 1441 2475 c.
1470 2445 1543 2489 27.
1568 2434 1648 2481 Di-

530 2494 596 2522 on.
632 2481 732 2526 Hal.
757 2488 802 2526 L.
826 2498 891 2529 1V.
912 2499 943 2529 c.
968 2488 1043 2540 64.
1074 2490 1106 2538 f.
1140 2487 1229 2535 licet
1257 2492 1380 2538 ibide
1409 2494 1556 2551 judicio
1580 2509 1653 2556 po-

522 2541 665 2599 pulari
690 2558 860 2607 agatur.
896 2553 991 2607 Lege
1011 2565 1153 2596 autem
1175 2554 1234 2602 ibi
1247 2590 1261 2613 ,
1292 2551 1370 2604 (ὅς-ε
1392 2558 1422 2604 {a
1449 2556 1531 2618 μίσι
1552 2575 1652 2618 πμ-

525 2605 659 2650 νὲλθε
689 2609 799 2666 ἀντ-ᾇ
823 2607 963 2671 φυλῗῆ,
997 2627 1086 2662 (5²6.
