1794 2933
524 115 607 188 98
794 108 1417 174 -CoMPENnruM

524 233 663 275 vero
724 209 866 288 Julii
935 206 1182 269 Caesaris
1207 255 1228 288 ‚
1285 212 1751 296 secutorumque·

524 293 791 379 proxime
830 292 1166 373 Principum
1209 291 1412 353 scelere
1466 297 1747 378 opprefla¹

527 373 895 435 consulebant
949 373 1226 434 duntaxat
1283 377 1553 436 Senatum
1580 419 1601 452 ,
1659 377 1722 438 ὃζ
1742 384 1779 459 J

526 455 862 536 Principum
890 453 1097 536 placita
1122 453 1192 513 ad
1219 477 1351 516 eum
1383 455 1720 534 referebant,

527 548 551 577 ³
588 551 803 596 tutores
844 534 1051 596 dabant
1077 580 1097 612 ,
1139 535 1164 574 b
1191 535 1373 597 servos
1414 535 1764 599 1na11umit-:

531 617 730 677 tebant
754 661 776 694 ‚
822 621 844 694 (
858 632 1028 697 atque
1066 617 1197 678 inde
1239 619 1468 699 quidem
1499 618 1721 678 Consu·
1747 618 1749 623 ’

531 698 644 757 lare
658 718 863 757 munus
877 697 1300 779 auspicabantur
1331 701 1373 773 ε>
1421 702 1443 740 d
1471 699 1720 780 veffiga-
1744 704 1763 758 -Ῑ

533 777 608 849 lia
633 777 896 838 locabant
929 791 983 856 e,
1029 780 1209 859 (quod
1234 796 1395 839 antea
1409 780 1722 840 censorum
1749 782 1757 842 1

537 859 678 933 erat)
694 858 854 919 ludos
883 859 1150 939 quosdam
1177 859 1438 941 publicos
1463 860 1724 938 edebant,
1743 859 1762 895 ‘²

537 960 750 1000 annum
791 941 1024 1000 nomine
1065 941 1356 1024 signabant
1386 966 1399 1002 :
1458 963 1573 1022 quo
1615 943 1726 1001 ele·

584 1035 740 1079 anter
766 1021 962 1081 alludit
991 1025 1182 1083 Seneca
1209 1024 1377 1101 Epzst.
1404 1042 1463 1101 4.
1493 1023 1578 1081 his
1603 1044 1728 1083 ver·
1752 1025 1765 1093 ‘f‘

534 1041 656 1160 {ist
701 1105 866 1162 Nulli
881 1104 1044 1181 potest
1056 1103 1247 1182 sbcum
1273 1107 1395 1163 vita
1423 1107 1729 1183 contingere,
1746 1103 1789 1178 [ζ’

547 1186 638 1260 qui
665 1183 725 1240 de
741 1185 1070 1259 producenda
1096 1189 1251 1244 nimis
1278 1189 1467 1263 cogitat
1482 1212 1501 1255 3
1534 1189 1622 1263 qui
1647 1188 1730 1243 in-
1746 1201 1754 1246 ἓ.

546 1275 631 1319 ter
648 1283 838 1341 magna
864 1266 996 1322 bona
1022 1269 1209 1324 multos
1225 1265 1462 1343 Consules
1474 1278 1735 1325 numerat.

549 1341 708 1402 Cum
750 1363 886 1402 vero
928 1342 1027 1402 sub
1071 1344 1510 1425 Imperatoribus
1549 1339 1781 1426 plures

546 1423 608 1482 in
629 1422 882 1503 -fingulos
911 1445 1083 1484 annos
1111 1425 1380 1485 Consules
1409 1442 1729 1487 crearentur
1748 1426 1776 1489 ἶ

553 1509 656 1576 (ut
682 1505 760 1561 ita
786 1501 985 1563 sensim
1025 1525 1224 1565 eorum
1266 1506 1505 1588 dignitas
1544 1505 1781 1590 eriles-,23

549 1585 738 1655 ceret)
782 1605 813 1642 a
840 1585 1032 1663 primis
1060 1602 1277 1646 tantum
1294 1632 1313 1664 ‚
1357 1588 1452 1668 qui
1481 1588 1738 1646 ordinarii
1752 1591 1777 1662 [ξς

549 1663 882 1724 dicebantur
923 1666 941 1704 f
982 1666 1042 1724 ὅῑ
1084 1666 1307 1748 reliquis
1347 1664 1785 1738 honoratiores

549 1759 707 1804 erant
732 1789 753 1821 ‚
795 1765 967 1804 annus
994 1745 1457 1807 denominabatur
1471 1776 1492 1819 3
1537 1747 1735 1829 reliqui
1769 1754 1787 1814 5':

549 1845 685 1883 vero
729 1823 1058 1884 dicebantur
1093 1826 1298 1904 fitffecfli
1328 1851 1340 1887 z
1398 1841 1422 1878 g
1465 1828 1732 1907 quemad·

549 1905 787 1964 modum
813 1905 946 1964 tales
965 1908 1084 1986 jam
1111 1907 1282 1967 libera
1294 1908 1618 1987 Republica
1630 1931 1735 1969 vo-
1768 1925 1786 1937 ““

552 2000 706 2045 catos
733 1985 890 2045 fuiss'e
916 1986 1171 2048 vidimus,
1244 1989 1407 2063 Qin
1432 1988 1520 2046 alii
1549 1989 1735 2054 adhuc
1764 2038 1786 2058 „

1635 2068 1736 2130 sub
1774 2071 1775 2075 ’

548 2258 573 2291 a
607 2244 737 2290 ovid.
770 2245 815 2292 (le
836 2252 957 2292 Pont.
981 2253 1032 2293 L.
1058 2260 1131 2293 1v.
1160 2245 1227 2293 El.
1252 2262 1295 2294 v.
1315 2247 1380 2305 vl.
1419 2258 1488 2303 17.
1584 2245 1613 2292 b
1645 2254 1735 2294 Ca·
1790 2279 1794 2340 1

606 2308 727 2370 pitol.
751 2309 794 2354 in
818 2315 986 2354 Amen.
1011 2310 1121 2356 Phil.
1155 2327 1188 2355 c.
1231 2325 1305 2356 10.
1398 2322 1424 2354 c
1455 2308 1683 2357 claudian.
1703 2324 1738 2369 1.

613 2389 647 2416 c.
672 2377 825 2416 Amm.
857 2380 997 2417 Marc.
1021 2378 1069 2416 L.
1093 2385 1228 2419 xxtr.
1250 2388 1282 2416 c.
1305 2386 1349 2429 4.
1444 2372 1472 2419 d
1506 2373 1741 2423 claudian.

616 2435 663 2481 in
684 2440 860 2493 Eutrop.
891 2448 928 2480 Ι.
950 2436 1015 2492 vs.
1050 2446 1153 2494 310.
1248 2450 1274 2481 e
1306 2435 1434 2482 ovid.
1454 2436 1495 2483 d.
1523 2438 1549 2481 ί.
1572 2438 1738 2498 vfi19.

618 2511 671 2547 cy·
697 2498 763 2543 El.
791 2512 861 2544 ix.
881 2498 946 2558 vfi
972 2512 1047 2555 45.
1141 2499 1168 2546 f
1195 2498 1286 2549 Vid.
1303 2506 1415 2548 Suet.
1437 2501 1605 2553 Domit.
1633 2516 1670 2549 c.
1688 2517 1736 2551 2.

618 2574 650 2622 g
683 2561 746 2609 Id.
766 2560 869 2634 Jul.
891 2578 925 2610 c.
947 2559 1025 2608 80.

1757 2922 1769 2933 χ.
1760 2913 1765 2917 .
1756 2872 1770 2896 w«,
1767 2611 1769 2614 ,
