1794 2933
457 116 576 207 410
819 119 1402 182 CoMPENDmM

458 223 836 282 Procuratores
860 228 883 256 ³
912 261 933 293 ‚
973 216 1067 278 vel
1109 221 1391 283 Curatores
1417 245 1438 289 3
1496 221 1651 301 quod

462 323 665 361 munus
680 300 848 360 etiam
875 299 1021 358 inter
1034 298 1276 358 honores
1293 299 1400 358 fuit
1427 300 1467 357 b.
1513 302 1649 360 Ale-

462 383 669 441 bantur
709 395 898 440 autem
938 378 1070 438 cibo
1111 379 1400 439 multo&
1426 379 1609 439 valido
1627 408 1650 452 ς,
1737 418 1745 426 »

465 461 616 521 unde
636 462 1011 541 gladiatoriam
1035 459 1281 539 saginam
1309 458 1447 519 dicit
1474 461 1649 523 Taci-

466 557 557 602 tus
583 543 728 621 Hist.
757 544 827 600 L.
857 542 938 601 II.
970 563 1011 599 c.
1041 538 1137 599 88.
1219 542 1516 600 Praeerant
1543 541 1648 600 inis
1723 602 1728 605 ,

469 624 722 701 Lanistae
748 665 769 697 ,
826 626 907 698 (a
947 622 1188 680 laniando
1214 665 1235 697 ,
1289 637 1355 679 ut
1396 620 1650 698 videtur,

469 701 605 761 disti
634 706 693 777 c)
730 701 826 782 qui
855 699 1186 782 gladiatores
1214 700 1511 777 emebant,
1557 719 1653 760 aut

466 803 671 862 pueros
699 782 1051 864 exposititios
1078 781 1210 842 huic
1241 783 1318 841 rei
1346 782 1651 841 tollebant:

469 879 593 923 tota
620 880 810 924 autem
854 884 1049 921 manus
1075 905 1095 938 ‚
1138 884 1280 942 quae
1306 860 1402 920 sub
1432 883 1549 921 uno
1578 864 1655 921 la-

471 945 613 1004 nista
638 961 754 1004 erat
782 988 803 1021 ‚
849 943 1139 1002 dicebatur
1183 945 1416 1003 Familia
1446 942 1488 1000 d.
1572 944 1659 1002 Hi

475 1024 696 1085 lanistae
730 1069 750 1101 ‚
795 1046 929 1085 cum
969 1024 1302 1105 gladiatores
1343 1021 1660 1100 erudirent,

474 1105 806 1166 dicebantur
834 1109 1199 1184 commentari,
1244 1105 1304 1163 &
1334 1106 1535 1163 diotata
1562 1106 1660 1162 da-

474 1210 532 1247 re
560 1201 619 1264 θ,
662 1187 724 1246 δί
750 1186 854 1267 ipsi
901 1187 1069 1246 etiam
1110 1187 1340 1264 magistri
1379 1183 1660 1244 vocaban-

475 1283 571 1334 tur
594 1269 648 1340 ῖς
690 1270 819 1347 quia
844 1288 1033 1328 revera
1060 1265 1268 1347 scripto
1298 1286 1360 1324 ea
1390 1266 1661 1324 commit-

476 1349 671 1410 tebant
699 1361 724 1400 g
755 1372 769 1408 ε
816 1350 1024 1410 tirones
1062 1362 1250 1407 autem
1291 1347 1370 1405 ita
1410 1345 1663 1405 institue-

478 1429 616 1491 bant
643 1475 664 1506 ,
724 1447 791 1488 ut
829 1431 1043 1491 rudibus
1083 1448 1216 1488 cum
1256 1425 1446 1485 lanista
1485 1428 1666 1485 batae-

480 1526 597 1570 rent
623 1514 685 1582 ¹²3
732 1511 918 1587 (unde
945 1507 1057 1587 ipse
1098 1508 1260 1568 ludus
1300 1509 1542 1566 hataalia
1582 1508 1666 1565 est
1732 1559 1734 1561 .

476 1591 656 1651 dietus
680 1593 728 1667 ἱ,
772 1591 833 1650 &
860 1590 987 1649 inde
1015 1589 1283 1649 hodierna
1306 1608 1423 1648 vox
1445 1587 1668 1646 Gallica

477 1675 693 1733 bataille
731 1669 1061 1744 descendit)
1132 1683 1249 1729 erat
1289 1685 1478 1727 autem
1519 1669 1667 1726 rudis

480 1752 702 1835 gladiusv
721 1773 753 1810 e
782 1751 940 1831 ligno
972 1795 992 1827 ‚
1035 1751 1130 1832 qui
1174 1748 1376 1807 lanistis
1419 1768 1450 1806 e
1490 1747 1666 1807 ferula

486 1835 685 1894 arbore
713 1833 742 1871 k
769 1875 789 1906 ,
832 1831 1106 1892 tironibus
1145 1850 1177 1889 e
1217 1829 1471 1910 graviore
1513 1828 1671 1908 ligno

488 1914 645 1975 fuiffe
669 1912 911 1973 videtur.

200 2015 266 2117 ιῖε
283 1998 463 2064 Amphi·
571 2007 618 2067 ς.
647 1995 759 2055 IV.
801 1995 968 2052 Locas
998 2011 1202 2071 pugnae
1243 1988 1538 2069 aliquando
1565 1988 1678 2127 fui}

197 2081 373 2127 tooatso.
1602 2093 1660 2129 a(

492 2205 519 2238 a
551 2189 617 2237 Id.
639 2189 743 2249 Cajo
766 2205 798 2236 c.
826 2204 899 2247 27.
922 2195 1049 2236 Grut.
1065 2199 1108 2250 p.
1130 2202 1378 2236 ccctxxw.
1402 2200 1504 2247 n,3.
1540 2187 1569 2234 b
1595 2192 1677 2232 Ta-

555 2255 625 2300 cit.
645 2252 815 2301 Annal.
835 2268 909 2300 xx.
941 2269 975 2300 c.
1000 2266 1073 2313 35.
1168 2266 1193 2299 c
1225 2258 1386 2298 Donat.
1424 2250 1483 2296 ad
1511 2257 1681 2298 Terent.

555 2322 670 2363 Eun.
689 2321 753 2363 A.
779 2329 850 2364 11.
881 2323 925 2365 S.
953 2330 1024 2364 11.
1051 2314 1116 2373 vl]
1131 2315 1207 2362 26.
1302 2314 1330 2361 d
1362 2321 1474 2360 Suet.
1495 2321 1610 2374 Aug·
1641 2329 1681 2361 c.

560 2393 636 2436 42.
698 2393 726 2426 e
758 2379 821 2426 Id.
844 2378 944 2439 Jul.
967 2395 1002 2425 c.
1025 2379 1100 2426 26.
1133 2384 1265 2426 Varro
1293 2378 1344 2422 de
1361 2384 1410 2424 L.
1436 2383 1482 2420 L.
1511 2392 1553 2424 v.
1574 2393 1607 2422 c.
1633 2390 1678 2434 7.

557 2442 584 2489 f
607 2443 699 2492 Cic.
720 2447 767 2493 de
790 2451 913 2496 Qrat.
937 2450 1017 2488 ΙΙΙ.
1044 2454 1121 2502 23.
1184 2454 1215 2502 g
1245 2440 1413 2499 Juven.
1443 2452 1516 2487 xx.
1543 2440 1609 2500 vs.
1633 2438 1677 2486 8,

553 2507 586 2554 h
619 2513 732 2554 Suet.
751 2507 855 2561 Caio
886 2522 919 2553 c.
945 2518 1021 2566 32.
1052 2519 1106 2554 ο·
1140 2518 1213 2566 54.
1308 2504 1325 2552 i
1356 2502 1478 2565 Glosf.
1510 2516 1683 2552 veteres.

555 2569 588 2616 k
619 2570 819 2632 Xiphilin.
838 2570 884 2616 in
907 2568 1151 2618 Commodo.
