1794 2933
473 159 596 233 406
778 150 1365 212 COMPENDIUM

556 253 763 333 ,Qcinto
783 291 803 324 ‚
837 266 1016 327 pugna
1045 249 1288 327 equestris
1329 249 1398 318 δέ
1421 252 1672 330 pedestris
1729 247 1735 259 ’

475 332 543 392 ad
593 329 896 411 imaginem
936 329 1055 388 veri
1096 325 1228 387 belli
1271 328 1442 389 fiebat
1486 333 1672 394 castris

401 478 409 479 ἶ
478 415 644 472 etiam
691 409 1026 489 quandoque
1067 409 1126 468 in
1167 409 1344 470 Circo
1387 411 1582 490 positis
1607 426 1668 490 ἃ,

480 494 556 552 ita
585 508 650 550 ut
677 491 845 550 multi
872 489 1029 570 saepe
1059 490 1482 552 occiderentur:
1515 493 1576 553 &
1604 495 1673 553 ad

481 574 634 632 hunc
665 569 1218 644 moduanlaudius
1261 575 1577 652 Imperator
1617 575 1674 634 in

482 675 691 734 campo
737 655 957 713 Martio
1000 655 1482 732 expugnationem
1511 699 1532 732 ‚
1590 655 1677 714 di-

484 738 916 815 reptionemque
945 733 1139 814 oppidi
1167 734 1342 794 edidit
1373 733 1416 792 b.

570 817 783 894 SextO,
823 816 1202 891 Naumachia,
1233 815 1344 877 five
1361 820 1558 894 praelii
1582 837 1679 874 na-

489 900 631 958 valis
707 898 1001 973 affimilatio
1068 896 1262 975 primis
1331 896 1682 976 temporibus

490 978 659 1038 etiam
715 980 773 1037 in
831 976 1009 1036 Circo
1052 976 1202 1035 edita
1238 976 1348 1037 fuit
1402 998 1541 1058 aqua
1582 997 1683 1057 per

489 1056 870 1134 subterraneos
911 1073 1123 1116 meatus
1165 1060 1222 1116 in
1262 1079 1395 1118 eum
1423 1057 1684 1134 inducta,

495 1153 620 1199 tum
649 1140 718 1201 ad
746 1137 1175 1200 delectationem
1205 1183 1224 1215 ‚
1268 1157 1391 1199 tum
1423 1138 1491 1198 ad
1519 1160 1683 1198 exer-

498 1221 698 1280 citium
732 1243 745 1280 :
791 1219 981 1301 postea
1021 1239 1156 1279 vero
1199 1221 1317 1280 solo
1359 1236 1631 1280 excavato
1660 1231 1682 1261 ⁰

500 1302 895 1361 Naumachiae
965 1303 1097 1363 hinc
1167 1301 1295 1361 inde
1350 1302 1687 1361 constitutae

499 1381 624 1441 sunt
654 1426 674 1457 .,
716 1384 775 1442 in
815 1382 1013 1464 quibus
1047 1381 1209 1466 justis
1249 1403 1393 1463 pene
1436 1379 1689 1445 claffibus

504 1463 824 1522 certabatur
854 1463 895 1522 d.

583 1544 737 1602 Ludi
766 1543 1008 1621 scenici,
1053 1544 1112 1603 ὃς
1141 1543 1495 1604 Gladiatores
1522 1544 1692 1604 etiam

506 1625 731 1704 quando
773 1646 843 1684 ue
871 1626 930 1685 in
946 1624 1123 1684 Circo
1151 1624 1277 1684 sunt
1303 1624 1453 1696 dati3
1485 1623 1575 1684 sed
1590 1645 1693 1683 nos

507 1706 580 1765 de
607 1706 709 1765 illis
735 1647 961 1766 Peorfim
997 1706 1265 1765 dicemus,
1554 1723 1559 1730 ’

590 1788 795 1864 Pompa
823 1790 1136 1865 Circensium
1163 1785 1516 1865 temporibus
1533 1785 1694 1845 Con-

513 1866 735 1926 stantini
767 1868 970 1947 Magni
998 1866 1206 1926 sublata
1232 1865 1339 1925 fuit
1366 1910 1385 1940 ‚
1429 1887 1563 1925 cum
1605 1865 1698 1925 ille

515 1949 812 2027 gentilium
856 1950 991 2006 ritus
1032 1945 1365 2007 aversaretur
1395 1975 1414 2018 3
1460 1947 1520 2005 &
1549 1947 1699 2006 circa

514 2029 664 2088 idem
708 2045 930 2108 tempus
972 2029 1332 2088 Naumachia
1369 2026 1577 2086 defiiss'e
1616 2026 1699 2087 vi-

516 2109 712 2167 detur:
759 2131 835 2190 pu
882 2128 975 2166 nas
1015 2130 1150 2168 vero
1193 2108 1468 2188 equestres
1507 2128 1572 2166 ac
1600 2127 1700 2191 pe-

516 2189 720 2249 destres
747 2190 814 2249 ad
864 2188 1198 2248 ustinianum
1228 2189 1404 2270 usque
1432 2185 1701 2246 obtinuis-

518 2269 570 2328 se
597 2269 911 2331 verosimile
952 2272 1034 2329 est
1056 2298 1078 2343 3
1122 2270 1331 2351 reliqua
1363 2267 1703 2348 spectacula,

1509 2350 1707 2408 Roma

519 2501 543 2533 a
577 2492 686 2533 Suet.
716 2484 817 2544 Jul.
843 2503 876 2532 c.
901 2499 975 2547 39.
994 2498 1047 2535 (ν
1066 2456 1231 2530 Donat.
1251 2498 1284 2528 c.
1311 2495 1357 2539 4.
1419 2480 1449 2527 b
1480 2480 1708 2530 zaclaud.

582 2565 603 2595 c
647 2564 714 2595 21.
785 2565 810 2596 c
846 2547 1048 2604 Mamal,
1072 2545 1462 2605 despeHac.n.26.
1528 2545 1710 2596 dTacit.

579 2618 688 2659 Ama
719 2627 771 2662 xx
786 2626 825 2666 1,
840 2629 871 2660 c.
890 2612 960 2672 56.
982 2609 1307 2671 Suet.Claud.c,
1325 2622 1398 2657 21.
