1721 2933
469 149 596 237 576
804 144 1385 205 COMPENDIUM

472 241 625 300 citur
651 262 720 301 ex
751 239 996 301 formula
1022 242 1364 323 rogationis,
1409 264 1548 324 quae
1573 260 1661 307 ta-

471 321 536 381 Iis
561 321 677 381 fere
703 321 841 381 fuit:
889 322 1119 399 Velitis,
1144 323 1416 401 jubeatis,
1459 326 1659 409 Quiri-

468 416 579 478 tes,
621 417 681 460 ut
707 404 779 461 L.
826 404 1076 463 Valerius
1103 406 1175 463 L.
1217 402 1355 463 Titio
1396 417 1509 463 tam
1532 407 1664 483 jure

466 486 668 561 legeque
693 484 849 559 filius
873 486 982 562 sthi
1007 485 1121 561 fiat
1147 528 1168 560 ‚
1223 505 1380 562 quam
1405 491 1461 563 st
1501 507 1564 544 ex
1607 509 1662 547 eo

457 577 617 642 patre
643 576 909 643 matreque
924 563 1174 642 familias
1200 566 1307 640 ejus
1334 577 1490 644 natus
1517 569 1660 643 (ψη

469 646 650 722 utique
690 647 737 703 ei
763 649 912 704 vitae
952 646 1178 724 necisque
1204 649 1259 703 in
1290 666 1406 704 eum
1436 648 1665 725 potestas

456 728 598 802 fiet,
628 729 709 783 uti
726 727 881 803 'patri
905 728 1029 784 endo
1044 727 1165 804 filio
1192 726 1278 803 est.
1323 727 1539 786 Patriae
1563 748 1664 786 au-

474 819 595 863 tem
622 806 911 885 potestatis
937 806 1087 887 apud
1103 808 1403 867 Romanos
1430 807 1664 868 effeetus

474 887 714 966 majores
740 934 760 966 ‚
808 909 976 969 quam
1018 886 1168 968 apud
1208 888 1370 947 aliam
1412 892 1667 967 quamvis

474 982 707 1048 gentem
762 969 1007 1029 fuerunt.
1091 969 1253 1028 Nam
1294 971 1516 1049 primo,
1557 971 1677 1030 Pa-'

474 1060 561 1109 t'er
587 1049 645 1109 in
687 1050 872 1110 filium
902 1045 1153 1110 vhabebat
1177 1051 1276 1127 jus
1301 1054 1451 1111 vitae
1479 1052 1549 1118 δᾶ
1575 1073 1666 1111 ne-

474 1134 582 1202 ei53
639 1130 716 1192 ita
757 1149 855 1208 ut,
914 1131 954 1191 fi
998 1152 1128 1191 eum
1172 1131 1519 1209 occidisset,
1548 1152 1675 1194 non'

475 1227 761 1272 teneretur
814 1215 942 1294 lege
995 1214 1271 1293 Pompeja
1312 1213 1383 1272 de
1435 1215 1667 1293 parrici-

475 1292 558 1351 dis
585 1337 606 1369 9
663 1315 767 1353 nec
809 1295 936 1377 lege
978 1293 1245 1353 Cornelia
1281 1291 1352 1351 de
1393 1294 1595 1354 ficariis
1617 1306 1666 1354 ².

479 1374 594 1433 Sed
619 1395 742 1434 eam
771 1375 1109 1457 potestatem
1137 1372 1329 1453 postea
1357 1390 1474 1436 tam
1501 1377 1666 1438 Prin-

477 1455 631 1535 cipes
658 1498 679 1530 ,
729 1479 898 1537 quam
954 1452 1372 1540 Juris-consulti
1414 1458 1667 1519 coareta-

478 1553 612 1596 runt
651 1535 696 1598 ¹³.
793 1538 1060 1600 Secundo
1087 1582 1107 1614 ‚
1176 1539 1345 1597 Pater
1411 1559 1484 1598 ex
1541 1540 1668 1621 lege

475 1619 719 1681 Romuli
761 1620 1003 1681 habebat
1051 1622 1142 1700 jus
1185 1619 1371 1679 filium
1426 1635 1508 1679 ter
1533 1643 1664 1680 ven-

476 1700 632 1760 dendi
661 1714 682 1739 ⁶
697 1730 718 1775 3
776 1703 835 1762 in
862 1723 977 1782 quo
1007 1702 1188 1782 major
1229 1700 1399 1782 patris
1425 1701 1670 1779 potestas

479 1778 590 1841 fuit
628 1787 686 1843 in
730 1783 948 1860 filium,
993 1804 1160 1862 quam
1201 1781 1416 1840 domini
1457 1780 1516 1838 in
1556 1781 1667 1840 ser-

481 1882 650 1926 vum:
694 1864 874 1925 servus
901 1865 1053 1924 enim
1080 1862 1246 1921 semel
1287 1860 1577 1938 venditu8‚
1626 1862 1670 1924 fi

482 1963 514 1999 a
541 1966 695 2007 novo
736 1946 971 2006 domino
1013 1963 1183 2002 manu
1224 1943 1548 2016 emittatur,
1589 1941 1668 2004 sui

472 2025 613 2103 juris
670 2027 739 2086 fit
766 2071 785 2103 ‚
856 2026 1003 2085 filius
1057 2041 1244 2083 autem
1289 2038 1376 2082 ter
1427 2020 1670 2085 debebat

477 2107 733 2168 vendi&
763 2109 929 2167 toties
969 2105 1325 2180 manumitti,
1369 2119 1670 2180 antequam

477 2187 549 2249 de
602 2188 879 2269 potestate
946 2203 1175 2269 paterna
1226 2186 1423 2246 exiret.
1504 2186 1672 2244 Haec

1533 2286 1672 2326 ven-

477 2426 504 2460 a
534 2420 585 2459 L.
612 2427 681 2463 11.
694 2415 747 2477 ff.
774 2415 837 2463 de.
873 2414 946 2461 lib.
968 2426 1022 2465 ce·
1047 2412 1145 2474 poll.
1178 2411 1208 2460 l.
1231 2410 1313 2472 fin.
1351 2409 1457 2458 Cod.
1480 2410 1529 2458 de
1555 2423 1673 2475 patr.

527 2489 616 2538 pot.
721 2479 749 2526 b
811 2486 863 2527 L.
894 2493 938 2526 2.
967 2477 1022 2539 ffi
1067 2478 1124 2523 ad
1164 2482 1216 2523 L.
1260 2481 1390 2520 Corn.
1441 2475 1487 2523 de
1525 2474 1598 2536 fic.
1641 2467 1704 2525 1.'

528 2557 604 2587 un.
634 2549 685 2588 c.
718 2543 767 2590 de
797 2542 876 2591 his.
910 2542 987 2604 qui
1012 2552 1104 2602 par·
1141 2538 1229 2590 vel.
1262 2536 1334 2605 lilg.
1367 2554 1446 2605 ρει.
1530 2553 1558 2605 ς
1588 2539 1673 2603 Bes-⁴

524 2619 589 2650 m·
625 2605 748 2658 Halc.
785 2618 858 2655 11.
889 2622 928 2656 c.
962 2616 1040 2664 27.
