1690 2933
318 85 776 180 ANTiQJrTAT}
812 107 1085 169 ROMAN.
1273 131 1308 189 ς

95 200 192 270 ,sio
219 202 364 263 inter
392 204 532 263 duos
562 204 756 265 fratres
801 203 1025 286 (quibus
1065 207 1298 266 Romu-

108 282 168 341 lo
197 284 257 342 &
284 287 480 345 Remo
507 307 719 345 nomen
746 288 885 360 erat)
914 288 1188 364 oriretur,
1232 307 1299 345 u-

101 379 199 437 ‘ter
239 383 497 447 regnaret
524 410 544 441 ‚
597 366 850 448 auspiciis
879 411 898 443 ‚
955 388 1115 426 more
1157 386 1300 428 tunc

113 448 381 527 temporis
449 447 656 507 usitato
684 491 703 523 ,
771 446 998 506 decerni
1065 449 1298 530 placuit.

116 539 139 567 ²
162 528 383 589 Remus
424 530 580 610 prior
617 530 677 586 in
718 532 989 591 Aventino
1018 530 1165 588 colle
1205 531 1300 590 sex

112 606 358 668 vultures
385 654 406 686 ‚
464 608 754 670 Romulus
784 652 806 685 ‚
858 607 950 667 sed
992 611 1267 690 posterior
1276 655 1303 688 v,

113 687 171 757 in
202 690 457 750 Palatino
484 689 788 750 duodecim
816 689 989 749 vidit:
1020 691 1150 750 inde
1165 712 1304 751 con.-

115 765 368 829 tentione
397 772 458 830 &
486 792 679 852 pugna
707 787 832 829 orta
864 768 1044 829 caesus
1073 771 1154 830 est
1181 774 1307 838 Re-

111 869 271 921 mus;
317 851 451 910 licet
490 853 579 910 alii
621 872 753 909 eum
795 850 990 909 foffam
1018 873 1049 909 a
1075 854 1309 912 Romu-

113 929 172 988 lo
201 951 380 991 novae
422 931 545 991 suae
587 931 714 990 urbi
756 930 1164 991 circumdatam
1210 955 1312 1013 per

112 1009 417 1075 ludibrium
488 1011 889 1071 tranfilientem
944 1012 1310 1074 interfectum

43 1099 55 1105 “
110 1091 267 1151 fuisse
294 1092 498 1153 velint:
544 1092 711 1152 fossae
752 1093 904 1152 enim
931 1093 1196 1170 urbium,
1240 1111 1308 1156 ut

112 1171 175 1231 &
201 1175 346 1232 muri
377 1174 439 1233 δε
478 1192 676 1255 portae
715 1173 928 1241 sanctae
971 1174 1127 1255 apud*
1145 1191 1303 1235 vete-

109 1273 192 1312 res
219 1254 583 1315 habebantur.
656 1255 679 1294 b
705 1255 994 1314 Romulus
1020 1277 1192 1335 porro
1228 1257 1307 1318 ita

110 1332 254 1393 solus
282 1335 548 1417 superstes
562 1335 789 1408 Urbem
803 1336 929 1411 „vel
958 1338 1186 1416 proprie
1214 1359 1300 1396 ar-

110 1435 239 1474 cem
267 1433 525 1494 tantum,
569 1418 629 1476 in
667 1433 864 1484 monte
906 1416 1162 1476 Palatino
1209 1419 1301 1497 (ad

111 1500 271 1573 cujus
297 1497 505 1558 radices
521 1519 655 1557 cum
683 1496 852 1561 fratre
879 1497 1168 1578 expofitus
1181 1498 1302 1558 fue-

111 1571 218 1651 rat)
252 1579 507 1638 condidit
522 1624 541 1656 ‚
583 1599 820 1659 eamque
861 1601 893 1638 a
933 1580 1163 1638 nomine
1205 1579 1305 1639 suo

111 1660 455 1721 ROMAM
483 1659 644 1719 dixit.
730 1659 980 1719 Condita
1007 1659 1088 1718 est
1114 1660 1307 1738 Urbs,

104 1741 273 1820 juxta
317 1742 613 1804 Petavium
654 1743 940 1801 Rationar.
971 1739 1200 1817 Tempor.
1230 1743 1307 1801 P.

125 1841 216 1880 11..
244 1824 315 1882 L.
355 1842 633 1895 1„1‚1.c.2.‚
679 1823 852 1880 Anno
881 1820 1094 1879 Mundi
1131 1839 1305 1901 3231.

90 1901 211 1981 ‘qui
250 1901 361 1975 fuit
396 1904 628 1977 Periodi.
655 1905 913 1980 Julianae
960 1920 984 1981 3
994 1909 1072 1971 96
1085 1922 1132 1959 1.
1178 1917 1308 1962 ante

120 1981 382 2058 Christum
407 1999 605 2059 natum
634 1985 706 2042 A.
736 2001 876 2062 753.
910 1984 1009 2061 (ita
1039 1997 1110 2040 ut
1133 1981 1306 2042 hodie

116 2082 148 2119 a
176 2060 266 2120 dic
292 2063 551 2124 Palilium
569 2108 589 2140 ‚
633 2062 745 2123 five
772 2062 842 2122 ab
873 2084 944 2122 XI
963 2110 972 2120 .
993 2062 1123 2121 Kal.
1154 2063 1307 2144 Maji

118 2141 178 2200 k.
215 2161 383 2220 1722.
428 2143 662 2224 incipiat
702 2164 876 2203 annus
903 2141 1080 2203 Urbis
1108 2144 1307 2202 condi-

116 2238 223 2295 tae
253 2226 453 2301 2475.)
500 2226 827 2300 Olympiadis
868 2243 965 2282 v1.
1010 2243 1158 2281 anno
1199 2240 1311 2283 ter-

117 2304 201 2362 tio
230 2331 263 2376 3.
308 2303 438 2384 post
478 2303 731 2386 Trojam.
766 2301 1009 2364 eversam
1053 2303 1126 2361 A.
1170 2323 1312 2384 431.

737 2386 792 2445 A
841 2402 870 2466 3
1180 2403 1316 2458 cum

112 2499 139 2538 ²
176 2499 238 2555 lb,
259 2515 299 2549 1.
321 2502 404 2551 86.
417 2502 506 2571 seq.
535 2502 636 2571 Ljfiv.
655 2519 692 2557 1.
718 2520 756 2558 c.
780 2516 826 2564 7.
885 2469 998 2566 ¹bv§·
1022 2484 1319 2566 toslnsliade

183 2580 265 2617 rer.
284 2561 411 2632 divis.
