1690 2933
233 108 690 183 ANTIQITAT.
726 107 1001 183 Rotam.
1174 115 1254 175 '29

57 206 259 289 quibus
311 204 503 266 haberi
573 205 840 287 poss‘ent3
897 205 981 262 uti
1035 200 1259 262 abunde

22 292 30 295 ’
62 288 265 369 probat
310 287 613 366 Zamoscius
652 289 713 345 de
755 289 937 346 Senat.
967 285 1124 342 Rom.
1163 304 1254 343 11.

13 418 16 425 .
61 392 102 427 c.
132 389 188 447 7.
273 369 367 427 Ex
406 367 666 426 instituto
706 387 843 426 vero
871 364 1115 445 Augusti
1146 364 1255 426 fin-

105 450 208 508 ulis
230 448 410 511 modo
439 447 708 507 Kalendis
749 447 810 506 &
852 443 1043 503 Idibus
1082 446 1254 506 habe-

63 469 229 588 gatur
270 531 503 589 Senatus
518 558 537 600 5
581 531 658 586 ita
699 544 922 601 tamen,
965 540 1031 584 ut
1071 528 1258 589 mense

68 609 390 690 Septembri
448 610 509 669 &
566 608 812 669 Octobri
880 606 1064 665 nullos
1120 609 1257 668 alios

67 690 243 750 adeffe
296 691 510 749 neceffe
551 689 684 749 effet
740 709 908 771 quam
963 687 1110 746 sorte
1149 688 1255 748 du-

68 771 222 848 ξὶοε,
265 793 366 852 per
407 792 651 853 quorum
679 789 980 830 numerum
1023 770 1258 831 Senatus

70 852 323 911 consulta
336 852 548 911 confici
562 851 782 932 poffent
811 864 834 889 ²
850 872 861 907 :
879 869 1032 922 nam,
1045 870 1118 908 ex
1132 870 1217 931 gr.
1235 896 1257 927 ,

69 954 239 992 nemo
255 933 470 1014 legibus
482 931 618 990 solvi
630 946 852 1011 poterat
867 975 886 1006 ‚
925 927 1028 990 ni‘fi
1042 928 1256 989 ducen-

70 1016 115 1072 ti
149 1016 438 1073 Senatores
478 1011 769 1072 adfuissent
807 1032 880 1070 ex
921 1013 940 1071 l
1014 1032 1046 1070 e
1126 1033 1259 1075 uam

73 1094 206 1153 tulit
233 1093 528 1153 Cornelius
570 1094 677 1151 Tr.
720 1093 798 1174 pl.
848 1032 1033 1153 A}
1063 1101 1099 1152 6
1146 1095 1235 1153 6.b

74 1174 227 1257 quod
267 1174 404 1233 fecit
443 1173 732 1255 Augustus
772 1173 954 1254 specie
995 1173 1259 1254 quidem,

73 1272 139 1314 ut
168 1255 480 1314 molestiam
522 1256 764 1314 muneris
795 1255 1071 1315 Senatorii
1110 1255 1260 1314 leva-
1315 1276 1404 1320 ξ»
1436 1282 1438 1284 ·

74 1353 160 1396 ret
187 1364 207 1408 5
264 1330 366 1395 sed
397 1356 586 1395 revera
615 1380 635 1411 ‚
691 1338 820 1415 quia
860 1337 1042 1395 minus
1085 1357 1258 1416 expe-

73 1417 260 1476 diebat
287 1419 334 1475 ei
351 1462 371 1494 3
414 1418 509 1497 qui
551 1417 865 1476 libertatem
906 1418 1114 1497 patriae
1137 1417 1262 1476 suae

75 1498 448 1579 oppresserat,
489 1497 809 1578 frequenter
848 1498 988 1557 adeo
1016 1513 1135 1556 tam
1162 1519 1260 1556 au-

73 1580 304 1660 gustum
345 1593 646 1660 procerum
689 1581 996 1639 concilium
1053 1599 1262 1638 conve·-

74 1681 210 1720 mre.

159 1741 411 1801 Nullum
426 1763 564 1833 ergo
582 1741 1131 1802 Senatusconsultum
1161 1742 1262 1801 fie-

78 1823 124 1880 ri
151 1824 373 1903 potuit,
417 1825 518 1882 ni11
548 1824 832 1904 legitimus
858 1823 1060 1883 adeffet
1090 1826 1260 1883 Sena-

78 1919 269 1961 tomm
297 1925 560 1964 numerus
593 1917 613 1943 ⁶
626 1932 648 1975 5
693 1906 815 1985 quis
840 1925 978 1966 vero
1018 1905 1112 1964 ine
1136 1904 1260 1964 fue-

79 1984 152 2042 rit
179 2025 199 2058 9
241 2004 359 2043 non
395 1983 517 2044 satis
557 1984 776 2044 constat
806 2009 818 2044 :
876 2001 1006 2045 ante
1048 1985 1263 2045 Sullam

80 2083 344 2122 numerus
386 2069 731 2125 centenarius
783 2065 1053 2126 suffecisse
1106 2066 1262 2126 vide-

80 2160 207 2215 tur3
253 2143 344 2202 sed
386 2146 630 2224 Augusti
670 2162 849 2206 aetate
890 2146 1265 2227 quadringen-

81 2224 125 2283 ti
166 2223 616 2284 desiderabantur
642 2269 663 2302 ‚
720 2227 875 2307 quod
927 2244 1117 2286 tamen
1156 2227 1270 2307 ipse
1340 2290 1343 2293 ,

79 2305 324 2366 abolevit
353 2334 376 2378 5
423 2306 484 2365 &
512 2349 532 2381 ,
577 2323 642 2366 ut
697 2307 839 2367 infra
893 2327 1026 2367 eum
1068 2328 1267 2366 nume-

1138 2408 1268 2451 rum

82 2511 108 2547 a
127 2507 240 2549 Suet.
265 2507 380 2565 Aug.
401 2517 434 2549 c.
464 2514 539 2564 35.
606 2503 634 2551 b
666 2503 822 2566 Astron.
852 2521 1021 2568 argum.
1044 2504 1091 2550 in
1113 2511 1189 2555 Or.
1222 2519 1267 2554 1.

140 2575 215 2628 pro
235 2573 366 2617 Corn.
431 2579 458 2616 c
489 2567 584 2621 Vid.
611 2569 713 2620 Liv.
742 2584 911 2633 xxxgx.
937 2585 971 2620 c.
1000 2567 1073 2619 18.
