1794 2933
199 372 270 414 De
300 383 473 418 numero

192 442 451 495 praetorum·

494 124 618 204 '104
858 132 1439 216 compr-,Nomii

495 221 765 288 Consules
807 240 829 269 ²
870 262 891 306 3
949 239 1100 300 unde
1167 247 1336 311 etiam
1389 253 1689 338 aliquando
1763 286 1766 287 ⁷

493 305 703 388 Collega<
727 331 926 375 eorum
955 338 1193 384 Vocatur
1221 329 1262 388 b.

570 395 616 457 ς.
664 390 742 451 ΙΙ.
789 392 1025 459 Creatus
1052 404 1133 463 est
1146 408 1335 486 primo
1361 434 1503 477 unus
1530 419 1678 483 dun-

489 479 646 526 taxat
676 472 908 541 Praetor
933 506 955 550 3
1001 497 1058 542 at
1086 486 1159 547 A.
1193 488 1273 549 U.
1305 513 1440 572 510.
1472 498 1548 559 ob
1577 522 1678 568 ne-

485 548 782 628 gotiorum
809 552 1180 645 frequentiam
1221 570 1360 633 alter
1400 578 1481 637 est
1522 581 1677 643 addi-

487 641 578 687 tus
605 673 625 705 ‚
671 646 688 667 f
721 634 816 713 qui
845 653 992 699 mter
1018 646 1166 707 cives
1194 650 1255 710 ὃς
1271 663 1564 736 peregrinos
1582 664 1677 742 jus

483 706 697 769 diceret
724 756 744 788 ‚
802 717 950 779 unde
980 732 1282 807 peregrinus
1320 737 1554 800 Praetor
1593 743 1675 812 est

484 785 662 848 diebus
692 793 716 831 d
750 816 763 850 .·
808 796 948 858 alter
974 824 1110 864 vero
1136 852 1157 884 a
1202 814 1296 892 qui
1323 815 1473 878 inter
1501 820 1672 885 Cives

484 865 627 928 solos
645 875 737 951 jus
766 875 1023 961 dicebat,
1050 889 1361 955 vocabatur
1392 900 1674 980 Urbanus,

486 947 549 1007 &
575 969 692 1011 erat
719 955 1016 1021 honoratior
1028 994 1049 1036 3
1081 970 1230 1031 unde
1258 979 1491 1057 proprio
1520 984 1674 1062 quasi

474 1432 719 1498 formam
759 1441 1009 1504 redastae
1050 1451 1220 1513 essent
1247 1500 1267 1532 ‚
1339 1459 1453 1521 duo
1493 1483 1663 1526 etlam

473 1512 762 1579 Praetores
777 1566 796 1597 ,
827 1525 922 1603 qui
952 1547 1037 1587 eas
1050 1552 1308 1614 regerent
1323 1583 1342 1615 ‚
1371 1542 1496 1603 sunt
1511 1565 1664 1605 crea·

473 1594 519 1652 ti
546 1608 586 1653 g.
642 1600 716 1659 A.
748 1601 828 1661 U.
874 1615 1011 1684 556.
1040 1613 1661 1695 Hispaniisulteriori&

470 1675 717 1739 citeriori
744 1681 974 1748 subastis
1002 1689 1117 1752 duo
1159 1718 1386 1780 quoque
1425 1706 1657 1765 Praeto-

470 1776 557 1815 res
581 1758 644 1818 iis
672 1766 979 1842 provinciis
995 1777 1257 1856 regundis
1284 1782 1484 1864 adjeeki
1513 1786 1655 1847 sunt.

469 1837 496 1875 h
529 1839 640 1897 Sed
681 1843 754 1901 A.
798 1845 879 1905 U.
925 1859 1059 1927 561.
1102 1855 1226 1937 lege
1253 1863 1454 1923 Boebicz
1483 1872 1505 1944 <
1518 1888 1657 1947 quae

472 1929 666 1979 tamen
680 1942 796 1983 non
810 1926 905 1986 diu
935 1930 1230 1998 obtinuiffe
1255 1942 1498 2018 videtur)
1516 1968 1656 2008 con-

472 1995 734 2061 stitutum
764 2004 871 2066 fuit
897 2052 916 2083 ,
959 2027 1025 2072 ut
1063 2016 1284 2080 alternis
1325 2025 1478 2086 armis
1519 2049 1655 2107 qua-

473 2089 607 2139 tuor
633 2081 907 2148 duntaxat
933 2092 1220 2159 Praetores
1248 2123 1568 2167 crearentur
1604 2113 1617 2150 ³
1629 2134 1654 2180 3

1486 2202 1655 2269 athe

467 2288 494 2321 a
526 2276 630 2325 Gall.
664 2294 798 2331 xlrr.
829 2302 862 2331 c.
894 2303 961 2350 ις.
1025 2290 1053 2339 b
1085 2295 1203 2344 Ptin.
1235 2305 1437 2360 Panegyr.
1467 2301 1656 2361 proprius

525 2339 603 2397 fin.
701 2359 728 2393 c
763 2348 912 2399 Livius
933 2355 1044 2413 Epit.
1073 2371 1143 2416 19.
1235 2360 1264 2407 d
1297 2361 1326 2406 l.
1357 2376 1402 2412 2.
1428 2364 1469 2415 §.
1496 2363 1572 2420 ²8·
1597 2366 1654 2427 ff.

519 2404 576 2449 -de
600 2406 713 2468 orig.
734 2409 844 2466 Jur.
939 2429 965 2461 e
997 2418 1096 2474 Fest.
1116 2426 1164 2467 V.
1187 2424 1332 2483 Major
1364 2425 1536 2486 Consul,
1633 2429 1657 2476 f

529 2468 573 2519 §.
595 2481 636 2527 7.
659 2472 791 2530 instit.
813 2474 971 2534 dejure
995 2486 1055 2526 N.
1086 2487 1137 2529 G.
1158 2500 1211 2535 (9¹
1238 2493 1288 2532 C.
1384 2502 1415 2550 g
1448 2492 1549 2537 Liv.
1590 2498 1649 2538 E·

520 2530 598 2589 pir.
621 2547 698 2582 20.
789 2536 822 2586 h
850 2537 894 2591 d.
913 2540 944 2590 l.
963 2544 1144 2612 2·ff·‘²‚²
1177 2555 1214 2597 ο
1239 2557 1275 2598 Ι.
1304 2550 1406 2605 §.2.
1499 2555 1516 2617 i
1543 2556 1650 2621 ΒΨ

528 2605 597 2648 aa.
617 2611 652 2649 c.
672 2611 749 2660 44·
