1794 2933
464 147 594 216 392
780 124 1365 195 COMPENDHJM

547 229 619 287 In
648 229 769 301 jure
795 224 993 285 nostro
1019 224 1337 285 invenimus
1365 223 1484 288 dies
1511 227 1673 288 Com·
1780 226 1794 261 '¹

455 301 770 390 perendinos
792 319 813 346 ²
844 350 866 382 ‚
909 326 1053 386 quos
1092 305 1406 388 litigatores
1448 308 1552 367 fibi
1581 310 1668 369 in·
1716 287 1742 388 ἶ
1790 314 1794 346 ⁴

458 393 657 454 vicem
698 388 759 446 in
798 386 950 447 diem
981 390 1324 466 perendinam
1361 387 1667 451 denuncia·
1736 394 1743 464 ζ
1788 391 1794 425 ‘

465 473 650 532 bant:
708 467 826 528 dies
868 471 1051 530 Stator
1078 513 1099 546 ‚
1142 471 1240 550 qui
1275 469 1483 551 judicii
1529 491 1667 533 cum
1791 489 1794 506 ¹

463 550 803 632 peregrim,
821 548 933 611 five
960 570 1097 610 cum
1125 551 1264 628 hoste
1295 551 1321 590 ¹²
1365 551 1481 629 (ita
1508 553 1666 614 enim

445 635 742 712 peregrinos
768 630 1051 691 vocabant
1080 632 1127 705 c)
1155 629 1336 692 caussa
1353 632 1664 695 *instituun-

467 729 565 772 tur
595 734 608 772 :
655 712 716 772 &
743 711 856 772 dies
867 713 1068 791 justos,
1114 711 1228 771 five
1256 712 1501 793 triginta
1528 712 1668 791 dies,

474 794 573 873 qui
614 792 889 853 dabantur
930 813 1006 852 ex
1050 792 1215 873 Lege
1241 814 1313 853 xl
1335 814 1385 853 1.
1414 792 1672 855 Tabula-

477 896 607 933 rum
635 873 884 933 confeffo
902 874 1028 950 ,vel
1056 873 1440 934 condemnato
1468 873 1538 934 ad
1564 896 1667 956 pe-

479 956 706 1013 cuniam
735 954 1152 1015 conficiendam
1182 1000 1203 1033 ‚
1243 954 1334 1015 vel
1359 954 1471 1019 alio
1498 955 1677 1017 modo

479 1035 781 1097 sententiae
802 1035 1009 1119 judicis
1036 1035 1481 1097 satisfaciendum
1509 1037 1553 1097 d.

482 1211 510 1246 a
542 1197 738 1249 Macrob.
756 1206 934 1246 saturn.
968 1212 1007 1248 ι.
1026 1216 1061 1247 c.
1088 1214 1162 1248 10.
1253 1199 1283 1247 b
1309 1199 1460 1249 Plaut.
1499 1199 1679 1255 Curcul-

543 1269 611 1311 A.
634 1271 669 1309 Ι.
688 1269 733 1309 S.
761 1278 801 1310 1.
822 1266 890 1323 vs?
914 1279 952 1325 ς.
1023 1277 1049 1310 c
1082 1264 1180 1322 Fest.
1218 1271 1266 1311 V.
1286 1271 1438 1312 'Status
1459 1263 1559 1314 dies.
1578 1264 1673 1314 Cic.

545 1327 595 1375 de
619 1325 704 1389 Off.
733 1340 771 1376 1.
791 1345 826 1377 c.
853 1343 924 1377 12.
1020 1329 1051 1377 d
1081 1327 1186 1376 Gen.
1209 1343 1289 1376 xv.
1308 1344 1343 1376 c.
1370 1331 1445 1390 13}

591 1469 939 1548 CAPUT
1019 1470 1567 1548 QUINTUM.

737 1634 832 1693 De
859 1634 1029 1694 Ludis
1058 1636 1437 1694 Romanorum.

205 1815 272 1854 :oe
293 1808 396 1853 tadu
602 1794 639 1853 d
669 1795 835 1855 Sac-ra
860 1797 1029 1855 etiam
1058 1795 1373 1878 pertinebat
1416 1814 1550 1854 cura
1590 1798 1673 1853 lu·
1752 1792 1754 1794 ’

206 1868 476 1933 circenfibus.
492 1808 598 1936 A
644 1877 825 1934 dorum
842 1879 1165 1952 publicorum
1193 1906 1214 1948 5
1273 1876 1369 1956 qui
1412 1874 1623 1935 fiebant
1651 1918 1673 1951 ‚

486 1957 577 2018 vel
592 2000 611 2033 ³
654 1957 895 2015 Deorum
922 1960 1298 2017 immortalium
1323 1959 1437 2015 irae
1454 1960 1680 2033 placan-
1704 2002 1717 2009 -

488 2040 586 2097 dae
614 2066 634 2108 5
677 2036 769 2096 vel
807 2039 1182 2097 benivolentiae
1229 2038 1576 2097 conciliandae
1598 2048 1620 2076 ²
1652 2079 1673 2112 ‚

489 2117 584 2177 vel
599 2136 698 2195 pro
711 2117 889 2195 falate
918 2119 1114 2196 Populi
1138 2147 1160 2189 5
1204 2118 1294 2177 vel
1321 2160 1342 2193 ‚
1383 2119 1459 2176 ad
1481 2118 1675 2195 Populi

486 2203 723 2279 gratiam
751 2199 1107 2259 demerendam
1132 2200 1174 2257 b.

573 2280 780 2340 Dividi
808 2278 1034 2359 poffunt
1060 2282 1247 2362 primo
1277 2277 1504 2361 quidem
1520 2300 1551 2337 a
1552 2278 1676 2358 for·

1589 2377 1678 2419 ma

495 2534 523 2569 a
557 2526 656 2571 Tac.
678 2528 778 2573 An.
795 2511 902 2575 xsxv.
920 2539 959 2579 c.
985 2536 1064 2587 23.
1129 2538 1157 2571 a
1190 2523 1280 2574 Vid.
1309 2522 1398 2574 Cic.
1426 2522 1474 2572 de
1499 2520 1580 2584 Off.
1606 2533 1676 2571 11.

563 2598 638 2645 17.
1743 2599 1749 2606 “
