1794 2933
549 149 666 202 260
896 140 1475 204 CoMPENDwM

529 241 629 318 sao
657 214 816 299 alteri
843 240 1014 297 cedere
1047 250 1087 296 ³.

259 335 328 376 De
344 320 536 382 Apolline
625 332 669 391 §.
715 320 893 377 XIII.
938 321 1125 396 Apollo
1165 319 1345 379 dietus
1375 321 1456 381 est
1485 343 1517 381 a
1558 323 1737 385 Grae-

261 454 335 515 ῥὶο.

260 407 312 442 (9·
336 383 617 460 A‘sc‘da’co
660 397 836 458 verbo
877 398 1152 475 αἰπὸηωμι..
1210 401 1324 471 hoc
1364 403 1477 478 est,
1524 409 1682 479 perdo
1710 434 1732 478 3

546 481 675 560 quia
727 478 873 537 radii
901 479 1045 556 soliss
1079 481 1422 562 pestilentiae
1477 501 1734 564 tempore

548 559 920 620 animantibus
967 564 1308 642 ‘perniciem
1391 564 1648 623 adferunt
1690 567 1730 625 b.
1792 624 1794 629 ,

543 642 667 701 Hic
709 642 859 700 enim
913 641 1062 701 idem
1103 642 1183 701 est
1236 642 1331 722 qui
1389 645 1483 703 Sol
1504 673 1524 715 3
1584 646 1730 706 unde

543 723 713 781 etiam
797 724 1037 782 Phoebas
1118 723 1324 781 dicitur
1390 745 1420 782 a
1503 724 1725 785 Graeco

545 807 746 872 Φοῖζῡ-ι
778 847 797 879 ,
855 804 968 862 hoc
1009 802 1090 862 est
1119 848 1139 880 ,
1181 803 1496 881 splendidus.
1571 807 1731 880 Jovis

544 886 606 945 &
646 886 902 944 Latonae
934 897 954 923 0
997 884 1144 943 filius
1185 882 1325 959 fuit,
1369 904 1503 943 cum
1545 884 1731 947 sorore

543 967 729 1026 Diana
783 965 840 1023 in
879 966 1047 1026 insula
1100 967 1241 1024 Delo
1296 979 1455 1023 natus
1482 965 1554 1035 ‘¹3
1629 967 1727 1027 ubi

542 1048 822 1128 templum
865 1048 925 1107 ὃς
965 1045 1258 1105 oraculum
1300 1045 1726 1110 celeberrimum

543 1127 742 1189 habuit
773 1141 794 1166 θ
827 1152 837 1187 :
898 1130 958 1188 &
998 1126 1073 1186 ibi
1113 1126 1205 1185 sex
1246 1126 1454 1185 menses
1493 1128 1726 1188 aestivos

538 1209 744 1290 degere
773 1209 1135 1280 credebatur3
1169 1223 1234 1264 ut
1261 1206 1353 1265 sex
1383 1207 1589 1266 menses
1617 1209 1722 1290 hy·
1785 1230 1788 1233 ’

536 1289 739 1351 bernos
793 1289 940 1370 apud
982 1292 1252 1348 Pataram
1293 1291 1485 1362 Lyciae
1529 1289 1723 1349 civita-

537 1382 690 1448 tem,
718 1373 866 1432 unde
896 1373 1197 1430 Pataraeas
1225 1367 1432 1426 dicitur
1468 1367 1500 1426 f.
1561 1369 1723 1446 Qa-
1793 1423 1794 1426 ,

538 1467 673 1510 tuor
738 1453 1035 1532 praecipue
1100 1450 1302 1510 artium
1369 1450 1722 1512 inventorem
1792 1500 1794 1514 1

537 1553 669 1591 eum
711 1535 772 1593 ὃς
811 1531 1117 1613 praesidem
1158 1529 1429 1588 fecerunt.
1523 1532 1719 1593 Primo

542 1612 770 1694 quidem
815 1612 1158 1688 medicinae,
1203 1611 1263 1670 &
1293 1612 1589 1691 praecipue
1630 1617 1717 1673 bo-

534 1697 737 1755 tanicae
763 1740 782 1772 9
852 1695 964 1752 five
985 1695 1273 1772 ,herbariae
1311 1693 1572 1751 inventor
1612 1694 1718 1754 esse

530 1773 821 1835 dicebatur
848 1819 866 1851 ,
924 1775 1051 1853 quia
1075 1772 1197 1831 solis
1225 1772 1377 1830 calor
1403 1771 1597 1830 herbas
1625 1774 1714 1832 fo-

528 1872 624 1916 vet
652 1866 692 1913 g.
739 1857 1036 1929 Secund0‚
1079 1856 1190 1910 arti
1213 1851 1533 1931 sagittariae
1560 1873 1717 1932 prae-

527 1931 939 2016 fidebatjquia-
957 1933 1089 1991 radii
1116 1931 1309 1990 solares
1337 1931 1541 2013 sagittis
1570 1955 1712 2012 quo-

529 2015 837 2076 dammodo
883 2014 1192 2094 comparari
1237 2013 1494 2091 possunt,
1541 2013 1600 2071 &
1627 2017 1710 2074 in-

529 2096 600 2156 de
640 2098 852 2177 semper
880 2115 1037 2155 arcus
1067 2095 1116 2153 ei
1145 2093 1409 2152 tribuitur
1447 2095 1515 2151 h':
1575 2094 1707 2154 hinc

1544 2188 1713 2234 etlam

528 2288 554 2321 a
586 2280 749 2320 Lucret.
790 2288 862 2322 11.
892 2273 957 2334 vs
978 2285 1049 2332 77·
1084 2270 1212 2320 Schol.
1254 2269 1463 2329 Aristoph
1496 2271 1553 2315 ad
1585 2288 1714 2320 ranas

594 2352 640 2384 v.
669 2352 770 2396 13⁸·
855 2338 883 2383 b
928 2346 1052 2382 Hom.
1077 2344 1192 2383 IJ.a.
1219 2348 1294 2396 43.
1385 2348 1410 2379 c
1454 2341 1604 2380 Horat.
1627 2337 1710 2386 ΟΛ.

593 2413 666 2445 lv.
698 2401 740 2447 6.
839 2400 867 2446 d
914 2399 1042 2445 ovid.
1077 2406 1259 2445 Metam.
1287 2411 1340 2442 vr
1371 2397 1435 2455 νβ
1464 2397 1562 2455 189.
1594 2399 1710 2460 seqq.

589 2478 615 2511 e
652 2464 759 2523 Virg.
792 2469 905 2509 Aen.
929 2478 995 2509 xv.
1020 2463 1084 2520 vs.
1113 2473 1214 2520 143.
1288 2460 1312 2506 f
1338 2467 1452 2505 Serv.
1469 2462 1528 2505 ad
1549 2463 1656 2522 Virg.
1679 2461 1709 2508 l.

578 2540 698 2588 prox.
721 2543 754 2570 c.
821 2539 850 2586 g
885 2525 1014 2572 ovid.
1035 2532 1216 2570 Metam.
1243 2536 1280 2571 1.
1299 2524 1367 2584 vs.
1391 2537 1493 2584 521.
1557 2523 1589 2571 h
1620 2531 1708 2578 Hae

585 2602 668 2637 rat.
691 2590 770 2638 Od.
805 2605 843 2639 1.
866 2603 971 2641 xxx.
998 2588 1061 2649 νβ
1087 2599 1161 2648 23,
