1794 2933
551 108 681 202 '488
800 122 808 127 ”
859 122 1431 190 ΕὀΜΡῈΝΠΪισΜ

555 220 711 283 ritim
777 221 1196 284 distribueretur
1226 246 1239 284 :
1310 226 1386 284 ita
1426 244 1498 284 ue
1561 245 1689 286 nem
1774 222 1794 287 dt

554 302 855 383 praedandi
883 303 1061 365 cauffa
1102 303 1358 365 ordinem
1403 325 1541 364 uum
1579 305 1732 366 dese-

551 383 746 461 rebat,
789 404 924 444 cum
950 383 1112 444 sciret
1136 384 1189 444 se
1213 387 1382 446 etiam
1410 386 1487 447 ita
1514 402 1732 469 partem
1773 394 1794 447 iz

549 462 702 525 suam
731 464 801 524 de
828 464 1030 543 praeda
1054 464 1395 527 habiturum.
1464 466 1558 526 Ad
1584 466 1738 548 leges

551 546 721 604 etiam
747 544 990 627 speetu,
1031 547 1185 625 quod
1212 548 1415 607 milites
1454 562 1612 607 extra
1637 568 1731 609 ca-

552 623 661 686 stra
685 626 904 709 litigare
929 648 1047 688 non
1075 628 1455 710 cogebantur:
1486 627 1548 688 &
1577 627 1731 709 quod
1777 632 1794 690 ri

547 725 580 763 a
607 707 876 768 militibus
895 706 1290 789 judicabantur
1313 721 1361 770 ².
1777 712 1794 770 l

274 796 505 868 Dffiipen-
637 799 684 861 §.
729 789 809 849 X.
853 791 1126 866 Stipendia
1165 790 1433 852 militibus
1459 787 1607 871 apud
1634 810 1733 851 an·
1777 813 1794 852 m

270 860 362 907 ἅλε-
557 871 888 951 tiquiffimos
954 872 1251 932 Romanos
1315 872 1467 933 nulla
1517 869 1735 950 prorsus
1777 873 1794 932 in

560 953 790 1013 fuerunt
817 951 1121 1012 constituta
1144 951 1314 1031 usque
1327 954 1395 1014 ad
1411 949 1579 1012 A.U.
1603 954 1735 1032 347.
1792 1007 1794 1011 .

553 1035 644 1094 sed
661 1033 888 1114 quisque
901 1034 996 1091 suo
1024 1032 1252 1113 sumptu
1267 1032 1540 1095 militabat
1566 1030 1607 1088 b.
1638 1033 1736 1090 In-

557 1115 629 1174 de
655 1115 723 1174 ad
756 1115 973 1191 Julium
1017 1114 1303 1175 Caesarem
1332 1116 1501 1196 usque
1530 1116 1736 1191 stipen-
1785 1134 1794 1194 j

550 1196 706 1255 dium
750 1195 992 1254 habuere
1029 1193 1292 1255 diurnum
1336 1198 1582 1278 quinque
1624 1193 1736 1251 cir·
1790 1198 1793 1202 '

553 1280 695 1337 citer
720 1274 933 1352 affium,
950 1273 1059 1336 five
1087 1275 1327 1335 duorum
1356 1274 1659 1336 obolorum
1689 1285 1736 1351 θ’,

558 1359 654 1439 qui
694 1358 864 1417 denos
896 1356 1174 1430 {denarios
1213 1356 1524 1417 menstruos
1551 1400 1570 1432 ‚
1627 1353 1742 1415 five
1781 1375 1794 1415 n

555 1458 734 1498 unum
761 1457 1058 1496 nummum
1087 1436 1479 1517 Philippaeum
1505 1437 1739 1497 faciunt.
1784 1438 1794 1494 l

555 1518 627 1577 Id
661 1519 844 1596 Julius
871 1517 1068 1576 Caesar
1094 1517 1402 1596 duplicavit
1429 1517 1489 1590 ἃς
1533 1519 1737 1598 Augu-

560 1598 669 1657 stus
709 1619 845 1658 vero
884 1596 1081 1656 decern
1124 1597 1252 1658 affes
1279 1598 1505 1659 diurnos
1544 1599 1607 1657 iis
1633 1599 1734 1657 tri·
1786 1618 1794 1656 t

560 1679 685 1738 buit
710 1693 730 1719 ⁰
752 1723 772 1755 ‚
815 1680 875 1738 δε
903 1678 1093 1757 postea
1120 1680 1195 1739 ita
1236 1681 1488 1739 excrevit
1529 1679 1734 1757 stipen-
1786 1678 1794 1736 ε’

554 1760 745 1835 dium,
787 1775 852 1817 ut
892 1775 1150 1838 tempore
1190 1759 1505 1819 Domitiani
1541 1759 1562 1796 f
1600 1779 1738 1838 qua·
1787 1774 1794 1817 ι

560 1857 693 1899 tuor
746 1859 1040 1898 aureorum
1082 1840 1138 1898 in
1182 1838 1426 1922 singulos
1479 1842 1688 1898 menses
1715 1885 1737 1917 ‚
1789 1839 1794 1897 i

559 1919 672 1979 five
710 1918 907 1977 decem
949 1939 1314 1979 nummorum
1369 1919 1734 2000 Philippaeo'-
1792 1942 1794 1949 ¹

557 2021 683 2059 rum
712 1999 877 2069 effet3
923 2014 988 2057 ut
1015 1998 1241 2079 quidem
1268 2000 1392 2060 vult
1420 2000 1644 2082 Lipfius
1674 2003 1738 2061 de
1793 2023 1794 2026 ¹

559 2081 736 2141 Milit.
766 2081 920 2138 Rom.
947 2101 1002 2139 v.
1040 2087 1128 2140 16.
1171 2078 1520 2157 sed-reffim,
1562 2097 1628 2139 ut
1648 2085 1731 2140 vi-

1541 2161 1741 2245 detur,

558 2336 584 2369 a
617 2318 902 2378 Juven.xvr.
924 2322 1107 2385 15.sqq.
1166 2321 1194 2369 b
1228 2322 1326 2369 Liv.
1352 2335 1536 2383 rv.c.59
1584 2336 1611 2369 c
1647 2322 1742 2372 Vid.

612 2382 782 2429 Rhadb.
815 2391 959 2434 Herm.
990 2385 1193 2431 Schelium
1229 2386 1380 2448 diffinrt·
1407 2384 1469 2431 ad
1483 2384 1623 2448 Polyb.
1642 2403 1675 2432 c.
1697 2400 1743 2447 3.

619 2446 666 2493 in
699 2445 814 2508 Thes.
845 2453 1003 2493 Graev.
1036 2453 1085 2494 T.
1102 2464 1144 2499 x.
1166 2465 1212 2494 n.
1236 2464 1368 2509 1195.
1432 2448 1460 2495 d
1492 2456 1606 2499 Suet.
1636 2449 1741 2513 Jul.

624 2509 754 2620 Ξώτ
821 2525 847 2557 e
880 2511 945 2560 Id.
970 2515 1087 2573 Aug.
1105 2527 1135 2560 c·
1161 2510 1232 2562 18.
1253 2511 1391 2578 ibique
1409 2512 1518 2577 Lips}
1581 2512 1604 2561 f
1628 2519 1742 2564 Suet.

674 2584 788 2625 emet.
810 2589 843 2621 c.
868 2586 906 2633 7.
1256 2610 1261 2615 .
