<?xml version="1.0" encoding="UTF-8"?>
<!DOCTYPE html PUBLIC "-//W3C//DTD XHTML 1.0 Transitional//EN"
    "http://www.w3.org/TR/xhtml1/DTD/xhtml1-transitional.dtd">
<html xmlns="http://www.w3.org/1999/xhtml" xml:lang="en" lang="en">
 <head>
  <title>
</title>
<meta http-equiv="Content-Type" content="text/html;charset=utf-8" />
  <meta name='ocr-system' content='tesseract 3.04.00' />
  <meta name='ocr-capabilities' content='ocr_page ocr_carea ocr_par ocr_line ocrx_word'/>
</head>
<body>
  <div class='ocr_page' id='page_1' title='image "./quiolimapudroman00nieu_0045.png"; bbox 0 0 1690 2933; ppageno 0'>
   <div class='ocr_carea' id='block_1_1' title="bbox 257 62 1405 151">
    <p class='ocr_par' dir='ltr' id='par_1_1' title="bbox 257 62 1405 151">
     <span class='ocr_line' id='line_1_1' title="bbox 257 62 1405 151; baseline -0.008 -24"><span class='ocrx_word' id='word_1_1' title='bbox 257 67 715 139; x_wconf 73' lang='lat' dir='ltr'>ANTrQnTAT.</span> <span class='ocrx_word' id='word_1_2' title='bbox 756 62 1034 126; x_wconf 78' lang='lat' dir='ltr'>ROMAN.</span> <span class='ocrx_word' id='word_1_3' title='bbox 1210 88 1294 151; x_wconf 71' lang='lat'>15·</span> <span class='ocrx_word' id='word_1_4' title='bbox 1386 92 1405 118; x_wconf 80' lang='lat'><strong>·</strong></span> 
     </span>
    </p>
   </div>
   <div class='ocr_carea' id='block_1_2' title="bbox 82 162 1285 650">
    <p class='ocr_par' dir='ltr' id='par_1_2' title="bbox 82 162 1285 650">
     <span class='ocr_line' id='line_1_2' title="bbox 82 162 1285 249; baseline -0.001 -20"><span class='ocrx_word' id='word_1_5' title='bbox 82 167 234 231; x_wconf 84' lang='lat' dir='ltr'>forte</span> <span class='ocrx_word' id='word_1_6' title='bbox 274 167 353 226; x_wconf 84' lang='lat' dir='ltr'>ita</span> <span class='ocrx_word' id='word_1_7' title='bbox 392 163 519 224; x_wconf 82' lang='lat' dir='ltr'>sunt</span> <span class='ocrx_word' id='word_1_8' title='bbox 560 163 774 241; x_wconf 67' lang='lat' dir='ltr'>dictae,</span> <span class='ocrx_word' id='word_1_9' title='bbox 818 162 974 245; x_wconf 92' lang='lat' dir='ltr'>quod</span> <span class='ocrx_word' id='word_1_10' title='bbox 1014 166 1285 249; x_wconf 89' lang='lat' dir='ltr'>Rempu-</span> 
     </span>
     <span class='ocr_line' id='line_1_3' title="bbox 86 245 1283 327; baseline 0 -18"><span class='ocrx_word' id='word_1_11' title='bbox 86 249 296 309; x_wconf 79' lang='lat' dir='ltr'><strong>blicam</strong></span> <span class='ocrx_word' id='word_1_12' title='bbox 324 259 568 309; x_wconf 76' lang='lat' dir='ltr'>curarent</span> <span class='ocrx_word' id='word_1_13' title='bbox 583 273 606 319; x_wconf 79' lang='lat'>3</span> <span class='ocrx_word' id='word_1_14' title='bbox 649 246 765 305; x_wconf 90' lang='lat' dir='ltr'>hoc</span> <span class='ocrx_word' id='word_1_15' title='bbox 807 245 961 304; x_wconf 90' lang='lat' dir='ltr'>enim</span> <span class='ocrx_word' id='word_1_16' title='bbox 990 247 1185 327; x_wconf 87' lang='lat' dir='ltr'>primis</span> <span class='ocrx_word' id='word_1_17' title='bbox 1215 251 1283 309; x_wconf 88' lang='lat' dir='ltr'>il-</span> 
     </span>
     <span class='ocr_line' id='line_1_4' title="bbox 86 327 1281 412; baseline -0.001 -22"><span class='ocrx_word' id='word_1_18' title='bbox 86 330 152 390; x_wconf 87' lang='lat' dir='ltr'>lis</span> <span class='ocrx_word' id='word_1_19' title='bbox 180 327 532 412; x_wconf 82' lang='lat' dir='ltr'>temporibus</span> <span class='ocrx_word' id='word_1_20' title='bbox 576 327 844 387; x_wconf 87' lang='lat' dir='ltr'>Comitiis</span> <span class='ocrx_word' id='word_1_21' title='bbox 890 328 1129 387; x_wconf 69' lang='lat' dir='ltr'>Curiatis</span> <span class='ocrx_word' id='word_1_22' title='bbox 1173 331 1281 410; x_wconf 89' lang='lat' dir='ltr'>(de</span> 
     </span>
     <span class='ocr_line' id='line_1_5' title="bbox 89 407 1280 492; baseline 0.001 -21"><span class='ocrx_word' id='word_1_23' title='bbox 89 412 289 492; x_wconf 90' lang='lat' dir='ltr'>quibus</span> <span class='ocrx_word' id='word_1_24' title='bbox 302 411 400 470; x_wconf 89' lang='lat' dir='ltr'>suo</span> <span class='ocrx_word' id='word_1_25' title='bbox 427 409 597 485; x_wconf 88' lang='lat' dir='ltr'>loco)</span> <span class='ocrx_word' id='word_1_26' title='bbox 627 407 908 468; x_wconf 84' lang='lat' dir='ltr'>faciebant</span> <span class='ocrx_word' id='word_1_27' title='bbox 924 409 1121 468; x_wconf 80' lang='lat' dir='ltr'>Curiae</span> <span class='ocrx_word' id='word_1_28' title='bbox 1135 438 1155 483; x_wconf 78' lang='lat'>3</span> <span class='ocrx_word' id='word_1_29' title='bbox 1171 432 1280 472; x_wconf 83' lang='lat' dir='ltr'>un-</span> 
     </span>
     <span class='ocr_line' id='line_1_6' title="bbox 89 489 1280 567; baseline 0.001 -14"><span class='ocrx_word' id='word_1_30' title='bbox 89 494 161 553; x_wconf 89' lang='lat' dir='ltr'>de</span> <span class='ocrx_word' id='word_1_31' title='bbox 187 494 356 553; x_wconf 86' lang='lat' dir='ltr'>etiam</span> <span class='ocrx_word' id='word_1_32' title='bbox 395 491 590 567; x_wconf 82' lang='lat' dir='ltr'>locus,</span> <span class='ocrx_word' id='word_1_33' title='bbox 633 489 732 549; x_wconf 89' lang='lat' dir='ltr'>ubi</span> <span class='ocrx_word' id='word_1_34' title='bbox 775 491 1009 549; x_wconf 86' lang='lat' dir='ltr'>Senatus</span> <span class='ocrx_word' id='word_1_35' title='bbox 1047 492 1280 554; x_wconf 86' lang='lat' dir='ltr'>Romae</span> 
     </span>
     <span class='ocr_line' id='line_1_7' title="bbox 87 569 1282 650; baseline 0 -16"><span class='ocrx_word' id='word_1_36' title='bbox 87 574 432 650; x_wconf 79' lang='lat' dir='ltr'>habebatur,</span> <span class='ocrx_word' id='word_1_37' title='bbox 477 575 646 631; x_wconf 77' lang='lat' dir='ltr'>Curia</span> <span class='ocrx_word' id='word_1_38' title='bbox 685 571 767 631; x_wconf 92' lang='lat' dir='ltr'>est</span> <span class='ocrx_word' id='word_1_39' title='bbox 805 569 1016 630; x_wconf 61' lang='lat' dir='ltr'>dictus:</span> <span class='ocrx_word' id='word_1_40' title='bbox 1062 573 1154 634; x_wconf 88' lang='lat' dir='ltr'>vel</span> <span class='ocrx_word' id='word_1_41' title='bbox 1180 574 1282 634; x_wconf 87' lang='lat' dir='ltr'>de-</span> 
     </span>
    </p>
   </div>
   <div class='ocr_carea' id='block_1_3' title="bbox 90 651 1281 737">
    <p class='ocr_par' dir='ltr' id='par_1_3' title="bbox 90 651 1281 737">
     <span class='ocr_line' id='line_1_8' title="bbox 90 651 1281 737; baseline 0.001 -22"><span class='ocrx_word' id='word_1_42' title='bbox 90 656 291 737; x_wconf 80' lang='lat' dir='ltr'>nique,</span> <span class='ocrx_word' id='word_1_43' title='bbox 337 655 399 715; x_wconf 81' lang='lat'>&amp;</span> <span class='ocrx_word' id='word_1_44' title='bbox 439 653 555 713; x_wconf 90' lang='lat' dir='ltr'>hoc</span> <span class='ocrx_word' id='word_1_45' title='bbox 594 653 778 713; x_wconf 89' lang='lat' dir='ltr'>verius</span> <span class='ocrx_word' id='word_1_46' title='bbox 817 651 933 729; x_wconf 77' lang='lat' dir='ltr'>est,</span> <span class='ocrx_word' id='word_1_47' title='bbox 976 675 1009 712; x_wconf 82' lang='lat' dir='ltr'>a</span> <span class='ocrx_word' id='word_1_48' title='bbox 1051 653 1281 717; x_wconf 86' lang='lat' dir='ltr'>Graeco</span> 
     </span>
    </p>
   </div>
   <div class='ocr_carea' id='block_1_4' title="bbox 28 732 1286 816">
    <p class='ocr_par' dir='ltr' id='par_1_4' title="bbox 28 732 1286 816">
     <span class='ocr_line' id='line_1_9' title="bbox 28 732 1286 816; baseline 0.001 -20"><span class='ocrx_word' id='word_1_49' title='bbox 28 794 30 796; x_wconf 83' lang='lat'>.</span> <span class='ocrx_word' id='word_1_50' title='bbox 91 761 240 816; x_wconf 65' lang='grc' dir='ltr'><strong><em>κυριᾳ.</em></strong></span> <span class='ocrx_word' id='word_1_51' title='bbox 273 752 294 778; x_wconf 73' lang='lat'>³</span> <span class='ocrx_word' id='word_1_52' title='bbox 320 765 342 809; x_wconf 80' lang='lat'><em>3</em></span> <span class='ocrx_word' id='word_1_53' title='bbox 399 732 883 816; x_wconf 79' lang='lat' dir='ltr'>quemadmodum</span> <span class='ocrx_word' id='word_1_54' title='bbox 925 734 1286 797; x_wconf 85' lang='lat' dir='ltr'>Athenienfi-</span> 
     </span>
    </p>
   </div>
   <div class='ocr_carea' id='block_1_5' title="bbox 88 814 1287 1061">
    <p class='ocr_par' dir='ltr' id='par_1_5' title="bbox 88 814 1287 1061">
     <span class='ocr_line' id='line_1_10' title="bbox 88 814 1287 901; baseline 0 -22"><span class='ocrx_word' id='word_1_55' title='bbox 88 818 193 879; x_wconf 93' lang='lat' dir='ltr'>bus</span> <span class='ocrx_word' id='word_1_56' title='bbox 219 817 511 880; x_wconf 81' lang='lat' dir='ltr'>dicebatur</span> <span class='ocrx_word' id='word_1_57' title='bbox 535 830 658 875; x_wconf 83' lang='lat' dir='ltr'>tota</span> <span class='ocrx_word' id='word_1_58' title='bbox 684 814 883 896; x_wconf 87' lang='lat' dir='ltr'>populi</span> <span class='ocrx_word' id='word_1_59' title='bbox 911 816 1118 875; x_wconf 88' lang='lat' dir='ltr'>concio</span> <span class='ocrx_word' id='word_1_60' title='bbox 1146 817 1287 901; x_wconf 90' lang='lat' dir='ltr'>legi-</span> 
     </span>
     <span class='ocr_line' id='line_1_11' title="bbox 89 893 1285 978; baseline -0.01 -19"><span class='ocrx_word' id='word_1_61' title='bbox 89 901 232 961; x_wconf 87' lang='lat' dir='ltr'>time</span> <span class='ocrx_word' id='word_1_62' title='bbox 259 912 576 960; x_wconf 87' lang='lat' dir='ltr'>convocata</span> <span class='ocrx_word' id='word_1_63' title='bbox 601 895 670 955; x_wconf 88' lang='lat' dir='ltr'>ad</span> <span class='ocrx_word' id='word_1_64' title='bbox 695 893 1002 955; x_wconf 84' lang='lat' dir='ltr'>vetandum</span> <span class='ocrx_word' id='word_1_65' title='bbox 1018 939 1038 972; x_wconf 81' lang='lat'>,</span> <span class='ocrx_word' id='word_1_66' title='bbox 1074 898 1285 978; x_wconf 81' lang='lat' dir='ltr'>juben.</span> 
     </span>
     <span class='ocr_line' id='line_1_12' title="bbox 91 975 1284 1061; baseline -0.002 -20"><span class='ocrx_word' id='word_1_67' title='bbox 91 981 336 1058; x_wconf 78' lang='lat' dir='ltr'>dumve,</span> <span class='ocrx_word' id='word_1_68' title='bbox 379 976 534 1061; x_wconf 89' lang='lat' dir='ltr'>quod</span> <span class='ocrx_word' id='word_1_69' title='bbox 560 998 592 1037; x_wconf 86' lang='lat' dir='ltr'>e</span> <span class='ocrx_word' id='word_1_70' title='bbox 631 975 922 1058; x_wconf 81' lang='lat' dir='ltr'>republica</span> <span class='ocrx_word' id='word_1_71' title='bbox 962 976 1069 1036; x_wconf 85' lang='lat' dir='ltr'>effe</span> <span class='ocrx_word' id='word_1_72' title='bbox 1097 979 1284 1040; x_wconf 91' lang='lat' dir='ltr'>cense-</span> 
     </span>
    </p>
   </div>
   <div class='ocr_carea' id='block_1_6' title="bbox 30 1057 1288 1143">
    <p class='ocr_par' dir='ltr' id='par_1_6' title="bbox 30 1057 1288 1143">
     <span class='ocr_line' id='line_1_13' title="bbox 30 1057 1288 1143; baseline -0.002 -18"><span class='ocrx_word' id='word_1_73' title='bbox 30 1124 33 1127; x_wconf 81' lang='grc'>,</span> <span class='ocrx_word' id='word_1_74' title='bbox 91 1061 205 1123; x_wconf 89' lang='lat' dir='ltr'>bat.</span> <span class='ocrx_word' id='word_1_75' title='bbox 288 1063 360 1121; x_wconf 89' lang='lat' dir='ltr'>In</span> <span class='ocrx_word' id='word_1_76' title='bbox 402 1060 685 1119; x_wconf 87' lang='lat' dir='ltr'>curiarum</span> <span class='ocrx_word' id='word_1_77' title='bbox 738 1058 981 1138; x_wconf 84' lang='lat' dir='ltr'>aliquam</span> <span class='ocrx_word' id='word_1_78' title='bbox 1021 1057 1288 1143; x_wconf 85' lang='lat' dir='ltr'>descripti</span> 
     </span>
    </p>
   </div>
   <div class='ocr_carea' id='block_1_7' title="bbox 87 1138 1287 1711">
    <p class='ocr_par' dir='ltr' id='par_1_7' title="bbox 87 1138 1287 1711">
     <span class='ocr_line' id='line_1_14' title="bbox 90 1138 1284 1224; baseline -0.001 -20"><span class='ocrx_word' id='word_1_79' title='bbox 90 1159 249 1204; x_wconf 85' lang='lat' dir='ltr'>erant</span> <span class='ocrx_word' id='word_1_80' title='bbox 279 1162 475 1202; x_wconf 89' lang='lat' dir='ltr'>omnes</span> <span class='ocrx_word' id='word_1_81' title='bbox 503 1141 651 1200; x_wconf 86' lang='lat' dir='ltr'>cives</span> <span class='ocrx_word' id='word_1_82' title='bbox 677 1139 738 1199; x_wconf 90' lang='lat' dir='ltr'>in</span> <span class='ocrx_word' id='word_1_83' title='bbox 752 1138 939 1216; x_wconf 79' lang='lat' dir='ltr'>Urbe,</span> <span class='ocrx_word' id='word_1_84' title='bbox 952 1140 1046 1200; x_wconf 89' lang='lat' dir='ltr'>vel</span> <span class='ocrx_word' id='word_1_85' title='bbox 1059 1141 1119 1199; x_wconf 91' lang='lat' dir='ltr'>in</span> <span class='ocrx_word' id='word_1_86' title='bbox 1144 1163 1284 1224; x_wconf 87' lang='lat' dir='ltr'>agro</span> 
     </span>
     <span class='ocr_line' id='line_1_15' title="bbox 91 1220 1285 1303; baseline -0.004 -17"><span class='ocrx_word' id='word_1_87' title='bbox 91 1224 401 1300; x_wconf 74' lang='lat' dir='ltr'>Romam,</span> <span class='ocrx_word' id='word_1_88' title='bbox 442 1221 709 1303; x_wconf 88' lang='lat' dir='ltr'>degentes</span> <span class='ocrx_word' id='word_1_89' title='bbox 724 1248 745 1292; x_wconf 79' lang='lat'>3</span> <span class='ocrx_word' id='word_1_90' title='bbox 793 1220 985 1280; x_wconf 87' lang='lat' dir='ltr'>coloni</span> <span class='ocrx_word' id='word_1_91' title='bbox 1026 1222 1178 1282; x_wconf 85' lang='lat' dir='ltr'>enim</span> <span class='ocrx_word' id='word_1_92' title='bbox 1221 1225 1285 1286; x_wconf 65' lang='grc' dir='ltr'>ὃς</span> 
     </span>
     <span class='ocr_line' id='line_1_16' title="bbox 91 1300 1284 1386; baseline -0.001 -22"><span class='ocrx_word' id='word_1_93' title='bbox 91 1307 405 1386; x_wconf 85' lang='lat' dir='ltr'>municipes</span> <span class='ocrx_word' id='word_1_94' title='bbox 458 1302 574 1362; x_wconf 88' lang='lat' dir='ltr'>suas</span> <span class='ocrx_word' id='word_1_95' title='bbox 628 1300 886 1383; x_wconf 80' lang='lat' dir='ltr'>quasdam</span> <span class='ocrx_word' id='word_1_96' title='bbox 928 1302 1232 1382; x_wconf 86' lang='lat' dir='ltr'>peculiares</span> <span class='ocrx_word' id='word_1_97' title='bbox 1257 1307 1284 1346; x_wconf 75' lang='lat' dir='ltr'>b</span> 
     </span>
     <span class='ocr_line' id='line_1_17' title="bbox 91 1382 1285 1464; baseline 0 -19"><span class='ocrx_word' id='word_1_98' title='bbox 91 1388 270 1447; x_wconf 80' lang='lat' dir='ltr'>curias</span> <span class='ocrx_word' id='word_1_99' title='bbox 297 1388 356 1445; x_wconf 89' lang='lat' dir='ltr'>in</span> <span class='ocrx_word' id='word_1_100' title='bbox 384 1384 620 1445; x_wconf 87' lang='lat' dir='ltr'>coloniis</span> <span class='ocrx_word' id='word_1_101' title='bbox 650 1383 713 1441; x_wconf 85' lang='lat'>&amp;</span> <span class='ocrx_word' id='word_1_102' title='bbox 751 1382 1071 1464; x_wconf 69' lang='lat' dir='ltr'>mimicipiis</span> <span class='ocrx_word' id='word_1_103' title='bbox 1111 1384 1285 1445; x_wconf 85' lang='lat' dir='ltr'>habe-</span> 
     </span>
     <span class='ocr_line' id='line_1_18' title="bbox 89 1464 1285 1544; baseline 0 -18"><span class='ocrx_word' id='word_1_104' title='bbox 89 1465 245 1528; x_wconf 88' lang='lat' dir='ltr'>bant.</span> <span class='ocrx_word' id='word_1_105' title='bbox 330 1468 628 1527; x_wconf 82' lang='lat' dir='ltr'>Numerus</span> <span class='ocrx_word' id='word_1_106' title='bbox 693 1464 926 1544; x_wconf 84' lang='lat' dir='ltr'>triginta</span> <span class='ocrx_word' id='word_1_107' title='bbox 982 1464 1285 1526; x_wconf 83' lang='lat' dir='ltr'>Cun&#39;arum</span> 
     </span>
     <span class='ocr_line' id='line_1_19' title="bbox 87 1543 1287 1630; baseline 0.001 -22"><span class='ocrx_word' id='word_1_108' title='bbox 87 1547 306 1630; x_wconf 88' lang='lat' dir='ltr'>semper</span> <span class='ocrx_word' id='word_1_109' title='bbox 333 1547 568 1624; x_wconf 71' lang='lat' dir='ltr'>mansit,</span> <span class='ocrx_word' id='word_1_110' title='bbox 611 1547 747 1605; x_wconf 91' lang='lat' dir='ltr'>licet</span> <span class='ocrx_word' id='word_1_111' title='bbox 774 1545 967 1627; x_wconf 83' lang='lat' dir='ltr'>postea</span> <span class='ocrx_word' id='word_1_112' title='bbox 993 1543 1287 1609; x_wconf 85' lang='lat' dir='ltr'>Tribuum</span> 
     </span>
     <span class='ocr_line' id='line_1_20' title="bbox 89 1643 698 1711; baseline -0.011 -18"><span class='ocrx_word' id='word_1_113' title='bbox 89 1650 357 1694; x_wconf 87' lang='lat' dir='ltr'>numerus</span> <span class='ocrx_word' id='word_1_114' title='bbox 382 1643 698 1711; x_wconf 87' lang='lat' dir='ltr'>augeretur.</span> 
     </span>
    </p>
   </div>
   <div class='ocr_carea' id='block_1_8' title="bbox 95 1772 1288 1922">
    <p class='ocr_par' dir='ltr' id='par_1_8' title="bbox 95 1772 1288 1922">
     <span class='ocr_line' id='line_1_21' title="bbox 95 1772 1288 1854; baseline -0.001 -15"><span class='ocrx_word' id='word_1_115' title='bbox 95 1772 130 1839; x_wconf 69' lang='lat' dir='ltr'>a‘</span> <span class='ocrx_word' id='word_1_116' title='bbox 157 1792 250 1845; x_wconf 68' lang='lat' dir='ltr'>vid.</span> <span class='ocrx_word' id='word_1_117' title='bbox 271 1799 431 1840; x_wconf 66' lang='lat' dir='ltr'>cmv.</span> <span class='ocrx_word' id='word_1_118' title='bbox 453 1792 598 1849; x_wconf 68' lang='lat' dir='ltr'>praef.</span> <span class='ocrx_word' id='word_1_119' title='bbox 621 1795 742 1837; x_wconf 73' lang='lat' dir='ltr'>rom.</span> <span class='ocrx_word' id='word_1_120' title='bbox 767 1803 806 1838; x_wconf 89' lang='lat'>1.</span> <span class='ocrx_word' id='word_1_121' title='bbox 837 1789 1070 1854; x_wconf 49' lang='lat' dir='ltr'>Antiqua-t,</span> <span class='ocrx_word' id='word_1_122' title='bbox 1131 1792 1160 1843; x_wconf 77' lang='lat' dir='ltr'>b</span> <span class='ocrx_word' id='word_1_123' title='bbox 1193 1792 1288 1843; x_wconf 70' lang='lat' dir='ltr'>m.</span> 
     </span>
     <span class='ocr_line' id='line_1_22' title="bbox 161 1852 1093 1922; baseline 0.002 -18"><span class='ocrx_word' id='word_1_124' title='bbox 161 1857 318 1907; x_wconf 76' lang='lat' dir='ltr'><em>Gtuch.</em></span> <span class='ocrx_word' id='word_1_125' title='bbox 342 1858 398 1906; x_wconf 82' lang='lat' dir='ltr'>ad</span> <span class='ocrx_word' id='word_1_126' title='bbox 414 1857 555 1922; x_wconf 63' lang='lat' dir='ltr'>postem</span> <span class='ocrx_word' id='word_1_127' title='bbox 572 1854 708 1917; x_wconf 80' lang='lat' dir='ltr'>Sigon.</span> <span class='ocrx_word' id='word_1_128' title='bbox 730 1852 831 1917; x_wconf 80' lang='lat' dir='ltr'>disp.</span> <span class='ocrx_word' id='word_1_129' title='bbox 848 1854 974 1913; x_wconf 65' lang='lat' dir='ltr'>rffut.</span> <span class='ocrx_word' id='word_1_130' title='bbox 991 1870 1025 1903; x_wconf 79' lang='lat' dir='ltr'>c.</span> <span class='ocrx_word' id='word_1_131' title='bbox 1048 1856 1093 1906; x_wconf 89' lang='lat'>6.</span> 
     </span>
    </p>
   </div>
   <div class='ocr_carea' id='block_1_9' title="bbox 1001 2543 1292 2610">
    <p class='ocr_par' dir='ltr' id='par_1_9' title="bbox 1001 2543 1292 2610">
     <span class='ocr_line' id='line_1_23' title="bbox 1001 2543 1292 2610; baseline 0.017 -4"><span class='ocrx_word' id='word_1_132' title='bbox 1001 2543 1292 2610; x_wconf 86' lang='lat' dir='ltr'><strong>CAPUT</strong></span> 
     </span>
    </p>
   </div>
  </div>
 </body>
</html>
