1690 2933
272 159 277 162 .
327 98 777 174 ANTIQmTAT.
820 100 1098 160 RoMAN.
1280 115 1327 185 7
1411 97 1433 126 ⁶

119 196 272 277 adm,
313 199 370 258 h.
415 221 462 258 e.
494 242 514 273 ,
559 202 762 278 spoli03
809 202 939 284 quia
968 201 1214 280 aliquem
1242 201 1322 262 ibi

106 281 335 362 spoliare
365 324 387 356 ‚
429 281 522 341 vel
561 280 692 342 inde
733 281 1025 342 detrahere
1067 282 1217 342 nefas
1257 305 1321 343 e-

122 377 206 422 rat
237 379 275 420 ².

202 455 249 516 §.
285 444 356 503 -ΙΙ
399 443 623 504 Verum
667 464 802 504 cum
830 446 1004 504 etiarn
1034 443 1110 502 fic
1139 465 1316 526 penu·
1344 461 1409 504 De
1430 455 1594 504 ulterio-

118 526 198 587 ria
252 524 555 585 mulierum
608 546 694 585 res
747 529 1019 586 Romana
1073 526 1317 586 hominis
1341 539 1382 568 η’
1403 521 1524 567 Urbis
1551 521 1617 568 iu-

118 609 391 668 duntaxat
419 623 663 666 aetatem
690 607 955 689 duratura
994 606 1281 666 videretur
1295 654 1317 685 ‚
1339 598 1564 680 crqmentq.
1607 620 1610 623 ⁴

118 690 145 730 b
200 709 306 748 nec
363 687 593 747 finitimi
648 686 788 749 filias
855 686 971 748 suas
1036 690 1318 749 Romanis
1394 688 1439 695 ”

121 773 145 846 (
161 768 504 830 collecfficiae
558 770 772 851 quippe
825 769 1076 850 undjque
1130 771 1319 829 homi-

120 872 261 910 num
315 850 561 923 turbae)
617 851 840 910 elocare
905 852 1118 910 vellent
1144 895 1164 926 ,
1224 873 1320 912 eos

122 953 260 991 cum
315 931 534 992 filiabus
586 929 691 990 suis
735 945 757 971 ⁶
799 933 861 991 &
914 930 1192 991 sororibus
1247 934 1316 992 ad

119 1012 498 1092 spectaculum
584 1012 839 1093 equestre
905 1013 965 1072 in
1033 1014 1314 1074 honorem

121 1095 239 1152 Dei
268 1097 452 1174 Confi,
497 1092 610 1152 five
640 1098 886 1172 Neptuni
913 1093 1314 1155 celebrandum

115 1175 375 1235 invitavit
414 1174 704 1235 Romulus
733 1203 753 1247 3
813 1175 875 1235 &
901 1220 922 1252 ‚
977 1192 1043 1235 ut
1084 1178 1319 1257 quisque

116 1258 332 1322 civium
357 1255 588 1317 suomm
628 1278 871 1317 uxorem
912 1255 1014 1315 fibi
1056 1278 1128 1316 ex
1170 1280 1314 1317 con-

117 1337 318 1398 stituto
360 1338 490 1398 inde
531 1355 785 1420 raperet,
821 1336 995 1417 juffit.
1080 1338 1176 1398 Ab
1205 1338 1314 1398 hac

116 1420 320 1500 injuria
356 1419 573 1480 bellum
614 1441 749 1479 etun
788 1419 901 1478 istis
929 1419 1193 1502 gentibus
1233 1421 1315 1480 est

117 1517 348 1572 ortum3
382 1502 445 1562 &
471 1503 723 1583 primum
752 1500 982 1583 quidem
1011 1522 1146 1560 cum
1178 1505 1313 1561 Cae-

113 1584 408 1660 ninenfibus
422 1629 442 1660 ,
487 1584 583 1664 qui
611 1605 642 1642 a
667 1582 934 1643 Romulo
963 1581 1099 1643 victl
1134 1583 1196 1642 &
1236 1581 1314 1642 sa-

119 1662 426 1724 luberrimo
470 1664 706 1724 confilio
765 1668 919 1743 (quo
961 1666 1132 1724 etiam
1172 1662 1314 1722 sem-

119 1765 222 1826 per
246 1743 363 1804 fere
390 1745 653 1827 deinceps
679 1747 938 1805 Romani
977 1744 1104 1804 sunt
1145 1743 1230 1803 ufi
1259 1745 1284 1783 d
1301 1789 1315 1802 .

120 1828 348 1905 quodque
372 1831 512 1887 inter
517 1830 828 1906 praecipuas
842 1826 1021 1905 causas
1032 1831 1316 1886 incremen-

124 1910 171 1965 ti
209 1907 362 1984 hujus
417 1913 559 1968 tanti
600 1910 819 1985 Imperii
859 1910 1047 1987 censeri
1088 1909 1235 1967 debet
1262 1907 1317 1979 e)

129 2007 248 2046 non
287 1987 455 2048 deleti
483 2034 504 2067 ‚
544 1989 635 2050 sed
677 1990 738 2046 in
778 1989 1068 2048 civitatem
1108 1990 1324 2070 recepti

127 2067 292 2139 fimt3
334 2086 403 2127 ut
427 2073 597 2132 etiam
635 2069 654 2109 f
692 2091 834 2130 mox
862 2074 1246 2146 Antemnates,
1263 2070 1325 2130 &

129 2149 215 2208 his
255 2152 605 2229 potentiores
647 2152 986 2230 Crustumini.
1069 2152 1152 2210 At
1190 2151 1326 2210 ulti·
1399 2158 1414 2166 ”

749 2234 805 2291 A
844 2251 889 2310 4
1167 2252 1329 2291 mum

131 2324 160 2361 a
191 2311 282 2359 Vid.
313 2319 436 2360 Serv.
468 2313 528 2361 ad
557 2315 670 2371 Virz.
690 2318 806 2361 Aen.
836 2328 908 2361 11.
931 2312 1038 2372 760.
1100 2310 1130 2359 b
1162 2315 1264 2360 Liv.
1290 2326 1332 2359 1.

146 2431 149 2434 ,
195 2392 233 2424 c.
254 2391 300 2438 9.
320 2378 450 2424 Dion.
471 2377 574 2427 Hal.
601 2393 668 2427 11.
690 2395 724 2426 c.
748 2392 826 2440 30.
849 2377 960 2425 flor.
982 2376 1013 2424 l.
1039 2393 1073 2424 c.
1138 2390 1163 2424 c
1196 2375 1330 2423 ovid.

195 2441 245 2487 de
278 2446 390 2493 Art.
412 2447 524 2490 Am.
560 2457 601 2491 1.
623 2458 671 2491 v.
700 2455 805 2504 131.
871 2441 899 2489 d
932 2448 983 2488 V.
1016 2439 1136 2488 Plut.
1159 2439 1333 2488 Romul.

191 2516 237 2566 p.
263 2519 340 2563 27.
364 2511 429 2554 Α.
495 2520 523 2555 e
556 2507 645 2558 Cic.
670 2518 747 2574 pro
782 2505 909 2556 Balbo
942 2522 977 2555 c.
1013 2518 1089 2568 13.
1148 2505 1176 2555 f
1200 2504 1335 2553 Dim.

166 2620 172 2625 ,
200 2569 310 2624 Hal.
334 2583 409 2621 11.
431 2586 468 2621 c.
494 2583 573 2634 35.
