1794 2933
255 115 705 190 Aunoyrwar.
746 113 1020 177 Roman.
1099 116 1243 207 '439

47 213 477 301 'quatuordecim
535 234 740 295 nempe
780 234 851 273 ex
906 209 1188 294 equitibus
1212 240 1238 276 ν

49 299 146 379 qui
187 295 355 375 quina
397 295 668 375 stipendia
695 293 946 353 fecissent
971 337 991 370 ‚
1033 293 1236 357 decem

44 398 118 439 ex
149 376 433 457 peditibus
459 419 480 451 ‚
524 376 619 455 qui
660 375 817 445 dena.
902 374 982 433 Et
1024 395 1055 434 e
1094 376 1239 435 uites

44 457 272 540 quidem
302 455 442 514 dena
471 452 740 533 stipendia
767 454 1051 515 conficere
1104 456 1237 516 ebe-

46 536 185 598 bant
215 550 236 575 ⁸
263 580 282 612 ‚
340 536 468 617 quia
508 536 771 595 intererat
810 534 1186 615 Reipublicae
1210 579 1234 614 ‚

46 633 113 677 ut
153 618 303 676 cives
344 617 589 696 primarii
650 617 814 676 citius
869 616 936 675 ad
989 616 1234 678 honores

47 698 438 789 pervenirent3
487 695 700 776 pedites
729 718 865 756 vero
896 695 1159 757 senadena
1184 699 1233 775 b,

49 777 218 858 idque
244 777 313 837 ab
340 798 487 836 anno
523 778 714 836 aetatis
742 776 1234 857 decimoseptimo

50 857 222 938 usque
248 857 316 916 ad
345 857 826 937 quadragesimum
855 856 1104 916 sextum:
1136 859 1232 937 qui

49 959 188 999 vero
214 981 234 1014 ,
278 936 389 997 five
417 935 539 996 casu
568 938 844 1017 quodam,
889 937 1000 998 five
1028 938 1233 998 morbo

54 1018 357 1100 impeditus
384 1018 652 1098 stipendia
679 1017 769 1077 sua
811 1039 928 1078 non
972 1018 1234 1078 confece-

51 1096 355 1180 rat,usque
381 1097 448 1188 ad
477 1099 998 1179 quinquagesimum
1024 1120 1236 1159 annum

56 1194 281 1260 poterat
311 1199 442 1319 {pff
472 1222 490 1253 ,
536 1179 630 1259 qui
671 1201 845 1238 annus
876 1179 1029 1257 (five
1070 1179 1236 1256 faeta,
1340 1202 1363 1237 4
1387 1178 1428 1236 4
1459 1217 1481 1235 ,a
1527 1208 1533 1212 »

370 1282 398 1318 a
1499 1291 1503 1298 Α

56 1259 171 1320 five
198 1260 309 1321 infe

441 1259 713 1339 stipendia
740 1261 910 1320 effent
940 1262 959 1331 )
1017 1260 1181 1340 plene
1210 1282 1242 1320 a
1332 1313 1341 1324 Ι

57 1341 254 1401 militia
281 1339 548 1400 liberabat
575 1354 628 1397 ⁰:
674 1361 779 1399 nec
808 1339 1092 1423 quisquam
1119 1362 1240 1400 ma·
1317 1328 1354 1340 '¹⁷
1390 1339 1405 1347 ⁰
1446 1320 1463 1341 ἲ

60 1421 354 1503 gistratum
384 1420 561 1479 ullum
589 1419 864 1480 urbanum
893 1441 1091 1501 capere
1131 1442 1237 1503 po-

64 1518 206 1563 terat
234 1546 254 1580 ,
296 1501 396 1560 nisi
425 1501 520 1580 qui
548 1499 742 1560 decem
775 1501 1043 1581 stipendia
1080 1499 1238 1560 fecis-

60 1580 140 1640 set
181 1585 222 1640 d.
305 1583 504 1644 Primis
543 1582 891 1662 temporibus
932 1602 1002 1641 ex
1045 1581 1242 1642 infima

63 1663 273 1724 civium
303 1663 462 1721 claffe
489 1662 625 1721 nulli
665 1662 868 1721 milites
895 1662 1244 1742 legebantur,

64 1741 167 1801 nifi
193 1743 405 1802 summa
431 1740 746 1800 necestitate
775 1759 1011 1822 urgente
1034 1758 1053 1782 e
1077 1770 1096 1813 3
1152 1740 1246 1800 sed

64 1825 343 1883 tenuiores
366 1867 388 1898 ,
445 1822 505 1881 &
547 1821 791 1881 libertini
828 1823 843 1861 f
874 1822 944 1880 ad
984 1819 1244 1881 militiam

68 1904 318 1962 navalem
346 1901 700 1962 servabantur
726 1914 780 1961 ὅτ
828 1902 887 1962 ὃ(
927 1902 1039 1961 hoc
1071 1902 1244 1961 fiebat

69 2002 139 2040 eo
170 1982 403 2042 confilio
430 2026 449 2058 ,
492 1998 558 2040 ut
586 1980 803 2040 eosdem
821 2026 841 2059 ‚
859 2002 996 2062 quos
1023 2003 1105 2041 res
1132 1983 1246 2063 pri-

70 2078 229 2128 vatae
254 2107 274 2143 ,
331 2064 497 2124 etiam
525 2061 782 2140 publicae
809 2063 1124 2122 commodis
1151 2083 1249 2143 pa-

1115 2156 1251 2200 trlae

73 2318 100 2352 a
134 2304 231 2351 Liv.
252 2319 422 2360 xxvu.
445 2320 482 2352 c.
511 2317 581 2351 11.
646 2301 675 2350 b
708 2302 768 2349 Id·
791 2316 911 2349 xm.
933 2318 968 2347 c.
1007 2315 1078 2362 34.
1115 2299 1258 2362 Polyb.

139 2374 186 2413 L,
217 2382 290 2414 vx.
315 2386 352 2420 c,
383 2382 455 2426 17.
521 2383 546 2416 c
578 2375 710 2414 Senec·
734 2366 781 2411 de
813 2366 931 2412 brev.
964 2367 1082 2411 vitae
1113 2381 1146 2410 c.
1180 2365 1258 2414 ult.

62 2483 65 2485 ,
140 2429 169 2476 d
207 2432 499 2492 Polyb.vx.c.
530 2446 599 2489 17.
664 2429 1063 2481 eGell.xv1.c.xo.
1130 2427 1258 2474 fLiv.

61 2536 64 2540 ,
140 2506 272 2546 xtit.
301 2510 338 2548 c,
359 2506 438 2550 27,
479 2508 555 2559 31.
577 2507 745 2544 nm.
766 2507 801 2540 c.
829 2505 900 2541 η.
966 2504 996 2552 g
1034 2491 1128 2541 Via.
1159 2491 1262 2540 Liv.

137 2567 302 2606 xxxix.
324 2572 360 2606 c.
389 2570 486 2621 23--

473 2707 545 2759 .''.f
