1794 2933
266 121 731 196 ANTIQJITA'n·
759 119 1039 179 ROMAN.
1210 139 1296 201 59

90 242 319 298 rorum,
366 222 465 300 (δε
491 220 644 280 suam
671 219 1097 302 liberorumque
1138 236 1290 282 aeta-

16 314 18 321 *
92 317 213 364 tem
244 303 301 377 ²)
343 303 667 378 servorum,
715 301 777 362 ὃς
816 299 1192 380 libertorum,
1238 305 1287 361 i-

94 400 212 444 tem
241 383 516 445 domicilii
531 385 727 445 locum
743 381 1054 443 indicarent
1082 384 1143 454 ¹¹3
1191 387 1289 466 qui

92 465 246 527 secus
289 466 542 526 fecissent
594 485 796 530 eorum
836 463 990 525 bona
1027 464 1287 546 publica-

13 591 15 596 ·
95 563 292 607 rentur
318 593 338 625 ‚
380 546 486 629 ipfi
514 546 687 628 virgis
730 546 871 606 caefi
899 545 1288 607 venundaren-

95 643 191 687 tur
219 641 242 668 0
272 672 293 705 9
336 627 490 710 quafi
520 630 618 711 qui
663 627 766 687 fibi
807 626 938 708 ipfis
965 625 1290 690 libertatem

95 709 515 791 abjudicaffent.
601 709 626 751 ὃ
653 710 947 769 Praeterea
974 709 1289 790 prudentis-

96 789 236 850 firne
261 792 536 869 instituit,
578 808 645 850 ut
685 811 822 849 cum
850 790 1154 870 Paganalia
1197 813 1292 871 ce:

95 871 443 932 lebrarentur
482 875 542 932 in
581 870 797 952 singula
838 873 1023 952 capita
1063 887 1288 932 certum

97 953 438 1013 numismatis
492 973 669 1035 genus
738 951 1093 1011 conferretur
1119 981 1142 1024 3
1201 953 1295 1012 sed

11 1035 13 1038 ⁴
95 1034 244 1111 aliud
272 1036 444 1094 aviris
461 1079 480 1112 ,
524 1031 1093 1110 aliudamulieribus‚
1136 1033 1290 1093 aliud

10 1155 12 1158 -
99 1115 338 1197 denique
392 1115 460 1174 ab
502 1114 906 1198 impuberibus,
990 1126 1013 1154 e
1054 1115 1137 1174 Et
1180 1115 1289 1175 hac

99 1198 314 1255 ratione
343 1214 503 1257 cerco
520 1242 539 1273 ,
580 1198 859 1273 breviter,
903 1195 965 1255 &
991 1193 1146 1277 quafi
1173 1217 1290 1255 uno

99 1279 311 1348 intuitu
339 1281 600 1339 omnium
644 1280 856 1337 civium
895 1297 1200 1336 numerum
1229 1277 1294 1337 δε

10 1418 11 1421 ,
102 1379 269 1440 ope3‚
312 1376 483 1441 atque
510 1360 649 1420 adeo
677 1360 853 1418 totius
882 1359 1124 1417 civitatis
1150 1359 1294 1417 vires

9 1443 11 1485 ἶ
104 1455 329 1521 poterat
357 1441 715 1522 cognoscere.
801 1438 943 1499 Inde
971 1459 1168 1498 omnes
1211 1440 1293 1497 ci-

103 1541 199 1581 ves
226 1543 334 1603 pro
374 1525 591 1582 ratione
619 1521 830 1583 Census
871 1522 930 1580 in
971 1519 1065 1580 sex
1095 1522 1293 1598 Claffis

105 1600 421 1680 distribuit,
464 1605 484 1644 f
520 1625 661 1686 quae
688 1601 867 1663 rursus
911 1603 971 1660 in
1014 1604 1296 1660 Centurias

105 1701 261 1744 erant
274 1683 473 1745 divisae
499 1686 710 1761 modo,
754 1705 925 1765 quem
952 1679 1144 1741 tabula
1160 1683 1297 1762 jun-

105 1762 196 1823 &ca
207 1765 436 1826 indicat.
522 1767 601 1826 Et
628 1769 687 1826 in
713 1769 833 1825 acie
861 1766 1031 1824 etiam
1061 1761 1291 1844 finguh's

112 1844 363 1907 claffibus
391 1849 587 1908 locum
632 1848 952 1930 digniorem
981 1866 1087 1926 pro
1117 1845 1288 1902 ratio-

111 1945 183 1984 ne
209 1927 398 1988 census
423 1929 736 2011 adsignavit
762 1973 781 2005 ,
824 1930 933 2004 ita,
976 1942 1043 1985 ut
1070 1926 1297 2006 quintae

110 2006 284 2067 classis
311 2010 458 2068 cives
483 2032 603 2069 non
629 2010 730 2069 nifi
770 2012 916 2069 inter
945 2007 1162 2067 Velites
1190 2007 1298 2064 mi-

109 2085 334 2148 litarent
361 2103 402 2147 g.
450 2091 518 2150 In
544 2091 742 2151 infima
769 2095 918 2168 claffle
965 2096 985 2139 Ε
999 2088 1134 2147 licet
1161 2086 1300 2146 haec

113 2171 342 2252 proprie
384 2172 547 2247 claffls
587 2193 705 2231 non
745 2170 1044 2231 haberetur
1069 2212 1091 2246 ,
1146 2168 1301 2257 unde

1145 2267 1308 2328 qum-

119 2407 146 2443 a
181 2397 245 2445 Id.
271 2413 318 2449 v.
341 2414 374 2445 c.
404 2411 481 2459 75,
542 2398 570 2446 b
604 2399 693 2447 vid.
726 2398 756 2448 l.
792 2413 836 2458 4.
860 2397 915 2460 ff
947 2398 995 2444 de
1021 2391 1219 2455 cenfibus.
1282 2409 1309 2442 c

182 2463 267 2508 Cic.
290 2470 366 2510 Or..
391 2476 462 2524 pro
489 2465 660 2510 Caecin.
688 2481 721 2510 c.
746 2477 818 2525 34.
874 2466 902 2508 d
936 2461 1039 2508 Ibid.
1083 2461 1109 2505 l·
1123 2458 1177 2519 st
1191 2458 1246 2507 cit
1280 2473 1308 2506 e

179 2527 310 2572 Dion.
344 2527 450 2574 Hal.
484 2541 557 2575 ιν.
586 2544 619 2575 c.
664 2542 730 2586 ις.
799 2527 823 2574 f
850 2527 950 2577 Liv.
988 2540 1029 2576 1.
1060 2539 1095 2574 c.
1125 2535 1201 2589 43.
1276 2534 1309 2585 g

183 2590 309 2639 Dion,
344 2590 449 2642 Hal.
474 2605 548 2655 xv.
569 2608 605 2641 c.
634 2591 810 2656 16.seq.
