<?xml version="1.0" encoding="UTF-8"?>
<!DOCTYPE html PUBLIC "-//W3C//DTD XHTML 1.0 Transitional//EN"
    "http://www.w3.org/TR/xhtml1/DTD/xhtml1-transitional.dtd">
<html xmlns="http://www.w3.org/1999/xhtml" xml:lang="en" lang="en">
 <head>
  <title>
</title>
<meta http-equiv="Content-Type" content="text/html;charset=utf-8" />
  <meta name='ocr-system' content='tesseract 3.04.00' />
  <meta name='ocr-capabilities' content='ocr_page ocr_carea ocr_par ocr_line ocrx_word'/>
</head>
<body>
  <div class='ocr_page' id='page_1' title='image "./quiolimapudroman00nieu_0609.png"; bbox 0 0 1721 2933; ppageno 0'>
   <div class='ocr_carea' id='block_1_1' title="bbox 213 146 1247 234">
    <p class='ocr_par' dir='ltr' id='par_1_1' title="bbox 213 146 1247 234">
     <span class='ocr_line' id='line_1_1' title="bbox 213 146 1247 234; baseline 0.007 -23"><span class='ocrx_word' id='word_1_1' title='bbox 213 149 664 227; x_wconf 67' lang='lat' dir='ltr'>ANT1QTITAT.</span> <span class='ocrx_word' id='word_1_2' title='bbox 708 146 989 211; x_wconf 70' lang='lat' dir='ltr'><strong>RoMAN.</strong></span> <span class='ocrx_word' id='word_1_3' title='bbox 1118 148 1247 234; x_wconf 75' lang='lat'><strong>571</strong></span> 
     </span>
    </p>
   </div>
   <div class='ocr_carea' id='block_1_2' title="bbox 0 243 1314 2585">
    <p class='ocr_par' dir='ltr' id='par_1_2' title="bbox 56 243 1241 411">
     <span class='ocr_line' id='line_1_2' title="bbox 78 243 1241 329; baseline -0.001 -19"><span class='ocrx_word' id='word_1_4' title='bbox 78 247 91 259; x_wconf 85' lang='grc'><strong>’</strong></span> <span class='ocrx_word' id='word_1_5' title='bbox 119 292 140 325; x_wconf 87' lang='grc'><em>,</em></span> <span class='ocrx_word' id='word_1_6' title='bbox 184 248 281 310; x_wconf 90' lang='lat' dir='ltr'><strong>vel</strong></span> <span class='ocrx_word' id='word_1_7' title='bbox 321 247 392 308; x_wconf 86' lang='lat' dir='ltr'><strong>ab</strong></span> <span class='ocrx_word' id='word_1_8' title='bbox 437 248 552 308; x_wconf 86' lang='lat' dir='ltr'><strong>aliis</strong></span> <span class='ocrx_word' id='word_1_9' title='bbox 591 247 884 308; x_wconf 87' lang='lat' dir='ltr'>eventibus</span> <span class='ocrx_word' id='word_1_10' title='bbox 923 243 1127 329; x_wconf 90' lang='lat' dir='ltr'><strong>1mpos</strong></span> <span class='ocrx_word' id='word_1_11' title='bbox 1131 263 1241 324; x_wconf 85' lang='lat' dir='ltr'><strong>ta</strong></span> 
     </span>
     <span class='ocr_line' id='line_1_3' title="bbox 56 327 1233 411; baseline 0.001 -22"><span class='ocrx_word' id='word_1_12' title='bbox 56 400 76 411; x_wconf 35' lang='grc' dir='ltr'><strong>ρ</strong></span> <span class='ocrx_word' id='word_1_13' title='bbox 130 328 281 411; x_wconf 91' lang='lat' dir='ltr'><strong>apud</strong></span> <span class='ocrx_word' id='word_1_14' title='bbox 325 328 600 388; x_wconf 89' lang='lat' dir='ltr'><strong>Comicos</strong></span> <span class='ocrx_word' id='word_1_15' title='bbox 639 328 778 388; x_wconf 88' lang='lat' dir='ltr'><strong>servi</strong></span> <span class='ocrx_word' id='word_1_16' title='bbox 822 327 1090 388; x_wconf 89' lang='lat' dir='ltr'><strong>dicuntur</strong></span> <span class='ocrx_word' id='word_1_17' title='bbox 1131 331 1233 405; x_wconf 86' lang='lat' dir='ltr'><strong>Sy-</strong></span> 
     </span>
    </p>

    <p class='ocr_par' dir='ltr' id='par_1_3' title="bbox 28 408 1236 652">
     <span class='ocr_line' id='line_1_4' title="bbox 103 408 1233 490; baseline 0.001 -20"><span class='ocrx_word' id='word_1_18' title='bbox 103 430 160 487; x_wconf 82' lang='lat' dir='ltr'><strong>s,</strong></span> <span class='ocrx_word' id='word_1_19' title='bbox 205 411 379 486; x_wconf 78' lang='lat' dir='ltr'><strong>Geta,</strong></span> <span class='ocrx_word' id='word_1_20' title='bbox 423 408 538 468; x_wconf 67' lang='grc' dir='ltr'><strong>ὅτε.</strong></span> <span class='ocrx_word' id='word_1_21' title='bbox 580 409 730 490; x_wconf 86' lang='lat' dir='ltr'><strong>apud</strong></span> <span class='ocrx_word' id='word_1_22' title='bbox 761 409 1104 469; x_wconf 88' lang='lat' dir='ltr'><strong>Ciceronem</strong></span> <span class='ocrx_word' id='word_1_23' title='bbox 1131 431 1233 471; x_wconf 86' lang='lat' dir='ltr'><strong>ve-</strong></span> 
     </span>
     <span class='ocr_line' id='line_1_5' title="bbox 144 488 1239 567; baseline 0.003 -18"><span class='ocrx_word' id='word_1_24' title='bbox 144 488 318 567; x_wconf 74' lang='lat' dir='ltr'><strong>Tiro,</strong></span> <span class='ocrx_word' id='word_1_25' title='bbox 361 492 578 551; x_wconf 74' lang='lat' dir='ltr'><strong>Laurea</strong></span> <span class='ocrx_word' id='word_1_26' title='bbox 605 533 626 566; x_wconf 85' lang='grc'>,</span> <span class='ocrx_word' id='word_1_27' title='bbox 669 491 1014 567; x_wconf 76' lang='lat' dir='ltr'><strong>Dardanus,</strong></span> <span class='ocrx_word' id='word_1_28' title='bbox 1064 489 1126 551; x_wconf 72' lang='grc' dir='ltr'>δί</span> <span class='ocrx_word' id='word_1_29' title='bbox 1154 489 1239 552; x_wconf 88' lang='lat' dir='ltr'><strong>fic</strong></span> 
     </span>
     <span class='ocr_line' id='line_1_6' title="bbox 28 590 229 652; baseline 0 -23"><span class='ocrx_word' id='word_1_30' title='bbox 28 590 229 652; x_wconf 75' lang='lat' dir='ltr'><strong>porro.</strong></span> 
     </span>
    </p>

    <p class='ocr_par' dir='ltr' id='par_1_4' title="bbox 14 650 1314 1458">
     <span class='ocr_line' id='line_1_7' title="bbox 121 650 1234 735; baseline 0.003 -23"><span class='ocrx_word' id='word_1_31' title='bbox 121 652 406 714; x_wconf 86' lang='lat' dir='ltr'>Servitute</span> <span class='ocrx_word' id='word_1_32' title='bbox 482 651 859 712; x_wconf 84' lang='lat' dir='ltr'>liberabantur</span> <span class='ocrx_word' id='word_1_33' title='bbox 924 650 1060 713; x_wconf 82' lang='lat' dir='ltr'><strong>servi</strong></span> <span class='ocrx_word' id='word_1_34' title='bbox 1131 674 1234 735; x_wconf 83' lang='lat' dir='ltr'><strong>per</strong></span> 
     </span>
     <span class='ocr_line' id='line_1_8' title="bbox 41 732 1232 814; baseline -0.002 -18"><span class='ocrx_word' id='word_1_35' title='bbox 41 732 357 810; x_wconf 80' lang='lat' dir='ltr'><strong>Manumiff</strong></span> <span class='ocrx_word' id='word_1_36' title='bbox 332 755 529 810; x_wconf 81' lang='lat' dir='ltr'><em>onem,</em></span> <span class='ocrx_word' id='word_1_37' title='bbox 574 754 713 814; x_wconf 90' lang='lat' dir='ltr'><strong>quae</strong></span> <span class='ocrx_word' id='word_1_38' title='bbox 742 748 858 792; x_wconf 84' lang='lat' dir='ltr'><strong>erat</strong></span> <span class='ocrx_word' id='word_1_39' title='bbox 885 754 920 792; x_wconf 85' lang='lat' dir='ltr'>v</span> <span class='ocrx_word' id='word_1_40' title='bbox 924 733 976 792; x_wconf 84' lang='lat' dir='ltr'><strong>el</strong></span> <span class='ocrx_word' id='word_1_41' title='bbox 1017 736 1180 812; x_wconf 77' lang='lat' dir='ltr'><strong>Justa</strong></span> <span class='ocrx_word' id='word_1_42' title='bbox 1208 779 1232 811; x_wconf 86' lang='lat'>‚</span> 
     </span>
     <span class='ocr_line' id='line_1_9' title="bbox 23 812 1228 894; baseline 0.003 -23"><span class='ocrx_word' id='word_1_43' title='bbox 23 831 176 872; x_wconf 88' lang='lat' dir='ltr'><strong>:cum</strong></span> <span class='ocrx_word' id='word_1_44' title='bbox 198 815 406 894; x_wconf 87' lang='lat' dir='ltr'><strong>justam</strong></span> <span class='ocrx_word' id='word_1_45' title='bbox 433 813 747 874; x_wconf 85' lang='lat' dir='ltr'><strong>libertatem</strong></span> <span class='ocrx_word' id='word_1_46' title='bbox 780 814 840 873; x_wconf 84' lang='lat'>&amp;</span> <span class='ocrx_word' id='word_1_47' title='bbox 868 812 1099 894; x_wconf 86' lang='lat' dir='ltr'><strong>plenum</strong></span> <span class='ocrx_word' id='word_1_48' title='bbox 1135 818 1228 894; x_wconf 82' lang='lat' dir='ltr'><strong>jus</strong></span> 
     </span>
     <span class='ocr_line' id='line_1_10' title="bbox 22 892 1229 973; baseline 0.002 -23"><span class='ocrx_word' id='word_1_49' title='bbox 22 892 283 953; x_wconf 83' lang='lat' dir='ltr'><strong>:civitatis</strong></span> <span class='ocrx_word' id='word_1_50' title='bbox 346 897 644 955; x_wconf 84' lang='lat' dir='ltr'>Romanae</span> <span class='ocrx_word' id='word_1_51' title='bbox 699 893 1226 973; x_wconf 87' lang='lat' dir='ltr'><strong>consequebantur·</strong></span> <span class='ocrx_word' id='word_1_52' title='bbox 1206 940 1229 968; x_wconf 91' lang='lat'>‚</span> 
     </span>
     <span class='ocr_line' id='line_1_11' title="bbox 20 973 1236 1056; baseline 0 -23"><span class='ocrx_word' id='word_1_53' title='bbox 20 973 135 1033; x_wconf 83' lang='lat' dir='ltr'><strong>·vel</strong></span> <span class='ocrx_word' id='word_1_54' title='bbox 160 977 330 1035; x_wconf 85' lang='lat' dir='ltr'><em>minus</em></span> <span class='ocrx_word' id='word_1_55' title='bbox 357 977 519 1054; x_wconf 79' lang='lat' dir='ltr'><strong>Justa</strong></span> <span class='ocrx_word' id='word_1_56' title='bbox 535 1020 555 1052; x_wconf 81' lang='lat'>‚</span> <span class='ocrx_word' id='word_1_57' title='bbox 599 995 733 1034; x_wconf 91' lang='lat' dir='ltr'><strong>cum</strong></span> <span class='ocrx_word' id='word_1_58' title='bbox 761 995 833 1034; x_wconf 81' lang='lat' dir='ltr'><strong>ex</strong></span> <span class='ocrx_word' id='word_1_59' title='bbox 864 975 1028 1056; x_wconf 88' lang='lat' dir='ltr'><strong>Lege</strong></span> <span class='ocrx_word' id='word_1_60' title='bbox 1055 979 1236 1052; x_wconf 76' lang='lat' dir='ltr'><em>Junia</em></span> 
     </span>
     <span class='ocr_line' id='line_1_12' title="bbox 18 1055 1229 1134; baseline -0.002 -17.963"><span class='ocrx_word' id='word_1_61' title='bbox 18 1055 308 1116; x_wconf 73' lang='lat' dir='ltr'><strong>Norbana</strong></span> <span class='ocrx_word' id='word_1_62' title='bbox 336 1056 547 1116; x_wconf 87' lang='lat' dir='ltr'><strong>fiebant</strong></span> <span class='ocrx_word' id='word_1_63' title='bbox 577 1058 766 1116; x_wconf 80' lang='lat' dir='ltr'><em>Latini</em></span> <span class='ocrx_word' id='word_1_64' title='bbox 796 1057 1060 1134; x_wconf 71' lang='lat' dir='ltr'><strong>Junicmi,</strong></span> <span class='ocrx_word' id='word_1_65' title='bbox 1104 1058 1229 1134; x_wconf 87' lang='lat' dir='ltr'><strong>qui-</strong></span> 
     </span>
     <span class='ocr_line' id='line_1_13' title="bbox 17 1131 1230 1216; baseline 0.003 -24"><span class='ocrx_word' id='word_1_66' title='bbox 17 1131 147 1194; x_wconf 77' lang='lat' dir='ltr'>!bus</span> <span class='ocrx_word' id='word_1_67' title='bbox 172 1135 459 1196; x_wconf 87' lang='lat' dir='ltr'><strong>inferiores</strong></span> <span class='ocrx_word' id='word_1_68' title='bbox 484 1138 652 1196; x_wconf 89' lang='lat' dir='ltr'><strong>etiam</strong></span> <span class='ocrx_word' id='word_1_69' title='bbox 681 1152 870 1211; x_wconf 78' lang='lat' dir='ltr'><strong>erant,</strong></span> <span class='ocrx_word' id='word_1_70' title='bbox 890 1136 985 1216; x_wconf 91' lang='lat' dir='ltr'><strong>qui</strong></span> <span class='ocrx_word' id='word_1_71' title='bbox 1014 1158 1085 1197; x_wconf 85' lang='lat' dir='ltr'><strong>ex</strong></span> <span class='ocrx_word' id='word_1_72' title='bbox 1113 1137 1230 1196; x_wconf 90' lang='lat' dir='ltr'><strong>Le-</strong></span> 
     </span>
     <span class='ocr_line' id='line_1_14' title="bbox 15 1216 1231 1296; baseline 0 -22"><span class='ocrx_word' id='word_1_73' title='bbox 15 1233 118 1296; x_wconf 67' lang='lat' dir='ltr'><strong>gge</strong></span> <span class='ocrx_word' id='word_1_74' title='bbox 146 1221 318 1276; x_wconf 80' lang='lat' dir='ltr'><strong>Aelia</strong></span> <span class='ocrx_word' id='word_1_75' title='bbox 347 1220 529 1278; x_wconf 79' lang='lat' dir='ltr'><strong>Sentia</strong></span> <span class='ocrx_word' id='word_1_76' title='bbox 558 1216 770 1277; x_wconf 87' lang='lat' dir='ltr'><strong>fiebant</strong></span> <span class='ocrx_word' id='word_1_77' title='bbox 801 1219 1012 1275; x_wconf 81' lang='lat' dir='ltr'><em>Liberti</em></span> <span class='ocrx_word' id='word_1_78' title='bbox 1038 1219 1231 1277; x_wconf 81' lang='lat' dir='ltr'><strong>dediti·-</strong></span> 
     </span>
     <span class='ocr_line' id='line_1_15' title="bbox 14 1296 1236 1388; baseline 0.005 -36"><span class='ocrx_word' id='word_1_79' title='bbox 14 1299 145 1372; x_wconf 50' lang='lat' dir='ltr'><strong>dii,</strong></span> <span class='ocrx_word' id='word_1_80' title='bbox 187 1299 284 1378; x_wconf 86' lang='lat' dir='ltr'><strong>qui</strong></span> <span class='ocrx_word' id='word_1_81' title='bbox 319 1296 528 1358; x_wconf 85' lang='lat' dir='ltr'><strong>scilicet</strong></span> <span class='ocrx_word' id='word_1_82' title='bbox 568 1297 866 1388; x_wconf 86' lang='lat' dir='ltr'><strong>aliquando</strong></span> <span class='ocrx_word' id='word_1_83' title='bbox 907 1297 983 1355; x_wconf 92' lang='lat' dir='ltr'><strong>ob</strong></span> <span class='ocrx_word' id='word_1_84' title='bbox 1013 1299 1236 1388; x_wconf 78' lang='lat' dir='ltr'><strong>gravius</strong></span> 
     </span>
     <span class='ocr_line' id='line_1_16' title="bbox 14 1377 1314 1458; baseline 0.002 -23"><span class='ocrx_word' id='word_1_85' title='bbox 14 1377 263 1437; x_wconf 61' lang='lat' dir='ltr'><strong>:crimen</strong></span> <span class='ocrx_word' id='word_1_86' title='bbox 304 1379 368 1437; x_wconf 92' lang='lat' dir='ltr'><strong>sti</strong></span> <span class='ocrx_word' id='word_1_87' title='bbox 413 1396 562 1438; x_wconf 90' lang='lat' dir='ltr'><strong>mate</strong></span> <span class='ocrx_word' id='word_1_88' title='bbox 589 1378 805 1453; x_wconf 82' lang='lat' dir='ltr'><strong>notati,</strong></span> <span class='ocrx_word' id='word_1_89' title='bbox 848 1377 939 1436; x_wconf 88' lang='lat' dir='ltr'><strong>vel</strong></span> <span class='ocrx_word' id='word_1_90' title='bbox 979 1398 1235 1458; x_wconf 84' lang='lat' dir='ltr'><strong>grav1ore</strong></span> <span class='ocrx_word' id='word_1_91' title='bbox 1311 1402 1314 1404; x_wconf 89' lang='lat'>·</span> 
     </span>
    </p>

    <p class='ocr_par' dir='ltr' id='par_1_5' title="bbox 0 1457 1234 1858">
     <span class='ocr_line' id='line_1_17' title="bbox 39 1457 1234 1541; baseline 0.002 -25.084"><span class='ocrx_word' id='word_1_92' title='bbox 39 1476 228 1537; x_wconf 84' lang='lat' dir='ltr'><strong>poena</strong></span> <span class='ocrx_word' id='word_1_93' title='bbox 254 1457 364 1518; x_wconf 87' lang='lat' dir='ltr'><strong>affe</strong></span> <span class='ocrx_word' id='word_1_94' title='bbox 423 1461 441 1517; x_wconf 91' lang='lat' dir='ltr'><em>i</em></span> <span class='ocrx_word' id='word_1_95' title='bbox 467 1459 656 1518; x_wconf 81' lang='lat' dir='ltr'><strong>effent.</strong></span> <span class='ocrx_word' id='word_1_96' title='bbox 740 1459 901 1537; x_wconf 79' lang='lat' dir='ltr'><em>Justcz</em></span> <span class='ocrx_word' id='word_1_97' title='bbox 929 1459 1234 1541; x_wconf 75' lang='lat' dir='ltr'><strong>Manumzs</strong></span> 
     </span>
     <span class='ocr_line' id='line_1_18' title="bbox 31 1537 1236 1615; baseline 0.002 -19"><span class='ocrx_word' id='word_1_98' title='bbox 31 1542 116 1614; x_wconf 83' lang='lat' dir='ltr'><strong>fio</strong></span> <span class='ocrx_word' id='word_1_99' title='bbox 158 1537 331 1598; x_wconf 87' lang='lat' dir='ltr'><strong>fiebat</strong></span> <span class='ocrx_word' id='word_1_100' title='bbox 377 1540 554 1600; x_wconf 87' lang='lat' dir='ltr'><strong>tribus</strong></span> <span class='ocrx_word' id='word_1_101' title='bbox 594 1539 806 1599; x_wconf 85' lang='lat' dir='ltr'><strong>modis:</strong></span> <span class='ocrx_word' id='word_1_102' title='bbox 851 1538 941 1598; x_wconf 86' lang='lat' dir='ltr'><strong>vel</strong></span> <span class='ocrx_word' id='word_1_103' title='bbox 972 1557 1071 1615; x_wconf 85' lang='lat' dir='ltr'><strong>per</strong></span> <span class='ocrx_word' id='word_1_104' title='bbox 1099 1543 1236 1598; x_wconf 80' lang='lat' dir='ltr'><strong>Cen-</strong></span> 
     </span>
     <span class='ocr_line' id='line_1_19' title="bbox 29 1616 1232 1699; baseline 0.002 -22"><span class='ocrx_word' id='word_1_105' title='bbox 29 1616 191 1696; x_wconf 80' lang='lat' dir='ltr'><strong><em>sum,</em></strong></span> <span class='ocrx_word' id='word_1_106' title='bbox 234 1640 368 1680; x_wconf 91' lang='lat' dir='ltr'><strong>cum</strong></span> <span class='ocrx_word' id='word_1_107' title='bbox 393 1620 574 1680; x_wconf 86' lang='lat' dir='ltr'><strong>servus</strong></span> <span class='ocrx_word' id='word_1_108' title='bbox 598 1619 837 1693; x_wconf 82' lang='lat' dir='ltr'><strong>sciente,</strong></span> <span class='ocrx_word' id='word_1_109' title='bbox 880 1618 972 1677; x_wconf 87' lang='lat' dir='ltr'><strong>vel</strong></span> <span class='ocrx_word' id='word_1_110' title='bbox 994 1618 1232 1699; x_wconf 82' lang='lat' dir='ltr'><strong>jubente</strong></span> 
     </span>
     <span class='ocr_line' id='line_1_20' title="bbox 0 1695 1234 1781; baseline 0.002 -25"><span class='ocrx_word' id='word_1_111' title='bbox 0 1755 1 1778; x_wconf 66' lang='lat'><em>÷</em></span> <span class='ocrx_word' id='word_1_112' title='bbox 38 1695 285 1758; x_wconf 86' lang='lat' dir='ltr'><strong>domino</strong></span> <span class='ocrx_word' id='word_1_113' title='bbox 327 1722 459 1760; x_wconf 91' lang='lat' dir='ltr'><strong>cum</strong></span> <span class='ocrx_word' id='word_1_114' title='bbox 502 1701 724 1781; x_wconf 89' lang='lat' dir='ltr'><strong>reliquis</strong></span> <span class='ocrx_word' id='word_1_115' title='bbox 764 1697 978 1758; x_wconf 79' lang='lat' dir='ltr'><strong>civibus</strong></span> <span class='ocrx_word' id='word_1_116' title='bbox 1006 1721 1038 1758; x_wconf 84' lang='lat' dir='ltr'><strong>a</strong></span> <span class='ocrx_word' id='word_1_117' title='bbox 1077 1699 1234 1758; x_wconf 89' lang='lat' dir='ltr'><strong>Cen-</strong></span> 
     </span>
     <span class='ocr_line' id='line_1_21' title="bbox 0 1775 1233 1858; baseline 0.003 -23"><span class='ocrx_word' id='word_1_118' title='bbox 0 1785 3 1835; x_wconf 80' lang='grc' dir='ltr'>ἑ</span> <span class='ocrx_word' id='word_1_119' title='bbox 44 1775 257 1839; x_wconf 80' lang='lat' dir='ltr'><strong>foribus</strong></span> <span class='ocrx_word' id='word_1_120' title='bbox 299 1785 354 1840; x_wconf 84' lang='lat' dir='ltr'><strong>in</strong></span> <span class='ocrx_word' id='word_1_121' title='bbox 393 1781 589 1858; x_wconf 83' lang='lat' dir='ltr'><strong>censum</strong></span> <span class='ocrx_word' id='word_1_122' title='bbox 627 1781 830 1840; x_wconf 85' lang='lat' dir='ltr'><strong>relatus</strong></span> <span class='ocrx_word' id='word_1_123' title='bbox 870 1778 1001 1838; x_wconf 75' lang='lat' dir='ltr'><strong>esset</strong></span> <span class='ocrx_word' id='word_1_124' title='bbox 1029 1792 1050 1819; x_wconf 74' lang='lat'>²</span> <span class='ocrx_word' id='word_1_125' title='bbox 1085 1801 1096 1838; x_wconf 76' lang='grc' dir='ltr'>ε</span> <span class='ocrx_word' id='word_1_126' title='bbox 1142 1781 1233 1839; x_wconf 88' lang='lat' dir='ltr'><strong>vel</strong></span> 
     </span>
    </p>

    <p class='ocr_par' dir='ltr' id='par_1_6' title="bbox 36 1859 1238 1939">
     <span class='ocr_line' id='line_1_22' title="bbox 36 1859 1238 1939; baseline 0.001 -22"><span class='ocrx_word' id='word_1_127' title='bbox 36 1874 138 1936; x_wconf 82' lang='lat' dir='ltr'><strong>per</strong></span> <span class='ocrx_word' id='word_1_128' title='bbox 166 1862 231 1920; x_wconf 87' lang='lat' dir='ltr'><em>V</em></span> <span class='ocrx_word' id='word_1_129' title='bbox 223 1863 505 1939; x_wconf 59' lang='lat' dir='ltr'><strong>indiffam</strong></span> <span class='ocrx_word' id='word_1_130' title='bbox 521 1882 654 1921; x_wconf 90' lang='lat' dir='ltr'><strong>cum</strong></span> <span class='ocrx_word' id='word_1_131' title='bbox 682 1861 942 1920; x_wconf 85' lang='lat' dir='ltr'><strong>dominus</strong></span> <span class='ocrx_word' id='word_1_132' title='bbox 969 1880 1102 1918; x_wconf 87' lang='lat' dir='ltr'><strong>cum</strong></span> <span class='ocrx_word' id='word_1_133' title='bbox 1130 1859 1238 1918; x_wconf 87' lang='lat' dir='ltr'><strong>ser-</strong></span> 
     </span>
    </p>

    <p class='ocr_par' dir='ltr' id='par_1_7' title="bbox 0 1940 1240 2103">
     <span class='ocr_line' id='line_1_23' title="bbox 0 1940 1240 2016; baseline 0.002 -19"><span class='ocrx_word' id='word_1_134' title='bbox 0 1961 2 1964; x_wconf 47' lang='lat'><em>*</em></span> <span class='ocrx_word' id='word_1_135' title='bbox 51 1959 129 1997; x_wconf 90' lang='lat' dir='ltr'><strong>vo</strong></span> <span class='ocrx_word' id='word_1_136' title='bbox 170 1940 496 2001; x_wconf 85' lang='lat' dir='ltr'><strong>Praetorem</strong></span> <span class='ocrx_word' id='word_1_137' title='bbox 536 1941 721 2003; x_wconf 88' lang='lat' dir='ltr'><strong>adiens</strong></span> <span class='ocrx_word' id='word_1_138' title='bbox 761 1941 973 1999; x_wconf 89' lang='lat' dir='ltr'><strong>diceret</strong></span> <span class='ocrx_word' id='word_1_139' title='bbox 1000 1985 1024 2016; x_wconf 75' lang='lat'>,</span> <span class='ocrx_word' id='word_1_140' title='bbox 1076 1942 1240 2000; x_wconf 79' lang='lat' dir='ltr'><strong>Hunc</strong></span> 
     </span>
     <span class='ocr_line' id='line_1_24' title="bbox 51 2019 1238 2103; baseline -0.001 -25"><span class='ocrx_word' id='word_1_141' title='bbox 51 2019 307 2079; x_wconf 85' lang='lat' dir='ltr'><strong>hominem</strong></span> <span class='ocrx_word' id='word_1_142' title='bbox 335 2025 553 2082; x_wconf 82' lang='lat' dir='ltr'><strong>liberum</strong></span> <span class='ocrx_word' id='word_1_143' title='bbox 581 2024 674 2100; x_wconf 71' lang='lat' dir='ltr'><em>ff</em></span> <span class='ocrx_word' id='word_1_144' title='bbox 699 2026 815 2082; x_wconf 86' lang='lat' dir='ltr'><strong>volo</strong></span> <span class='ocrx_word' id='word_1_145' title='bbox 855 2021 999 2098; x_wconf 74' lang='lat' dir='ltr'><strong>Jure</strong></span> <span class='ocrx_word' id='word_1_146' title='bbox 1041 2023 1238 2103; x_wconf 70' lang='lat' dir='ltr'><em>Qiri-</em></span> 
     </span>
    </p>

    <p class='ocr_par' dir='ltr' id='par_1_8' title="bbox 50 2099 1243 2181">
     <span class='ocr_line' id='line_1_25' title="bbox 50 2099 1243 2181; baseline 0 -23"><span class='ocrx_word' id='word_1_147' title='bbox 50 2104 221 2173; x_wconf 84' lang='lat' dir='ltr'><em>tium·</em></span> <span class='ocrx_word' id='word_1_148' title='bbox 257 2101 412 2181; x_wconf 86' lang='lat' dir='ltr'><strong>quod</strong></span> <span class='ocrx_word' id='word_1_149' title='bbox 442 2101 483 2161; x_wconf 90' lang='lat' dir='ltr'><strong>fi</strong></span> <span class='ocrx_word' id='word_1_150' title='bbox 508 2105 743 2162; x_wconf 81' lang='lat' dir='ltr'><strong>Praetor</strong></span> <span class='ocrx_word' id='word_1_151' title='bbox 770 2102 1008 2161; x_wconf 85' lang='lat' dir='ltr'><strong>cauffam</strong></span> <span class='ocrx_word' id='word_1_152' title='bbox 1037 2099 1243 2181; x_wconf 74' lang='lat' dir='ltr'><strong>proba-</strong></span> 
     </span>
    </p>

    <p class='ocr_par' dir='ltr' id='par_1_9' title="bbox 15 2181 1242 2342">
     <span class='ocr_line' id='line_1_26' title="bbox 15 2181 1239 2262; baseline 0.002 -27"><span class='ocrx_word' id='word_1_153' title='bbox 15 2234 18 2235; x_wconf 10' lang='grc' dir='ltr'><em>γ</em></span> <span class='ocrx_word' id='word_1_154' title='bbox 51 2197 138 2240; x_wconf 90' lang='lat' dir='ltr'><strong>ret</strong></span> <span class='ocrx_word' id='word_1_155' title='bbox 177 2185 414 2241; x_wconf 68' lang='grc' dir='ltr'><strong>υἱηίῖὶἑῗα</strong></span> <span class='ocrx_word' id='word_1_156' title='bbox 472 2186 732 2260; x_wconf 73' lang='lat' dir='ltr'><strong>(virgula</strong></span> <span class='ocrx_word' id='word_1_157' title='bbox 774 2181 1042 2262; x_wconf 82' lang='lat' dir='ltr'><strong>quaedam</strong></span> <span class='ocrx_word' id='word_1_158' title='bbox 1084 2182 1239 2253; x_wconf 87' lang='lat' dir='ltr'><strong>erat)</strong></span> 
     </span>
     <span class='ocr_line' id='line_1_27' title="bbox 53 2260 1242 2355; baseline -0.004 -33"><span class='ocrx_word' id='word_1_159' title='bbox 53 2261 226 2340; x_wconf 88' lang='lat' dir='ltr'><strong>capiti</strong></span> <span class='ocrx_word' id='word_1_160' title='bbox 264 2262 404 2321; x_wconf 90' lang='lat' dir='ltr'><strong>servi</strong></span> <span class='ocrx_word' id='word_1_161' title='bbox 459 2260 724 2342; x_wconf 83' lang='lat' dir='ltr'><strong>impofita</strong></span> <span class='ocrx_word' id='word_1_162' title='bbox 778 2260 1186 2355; x_wconf 82' lang='lat' dir='ltr'><strong>pronunciabat</strong></span> <span class='ocrx_word' id='word_1_163' title='bbox 1217 2295 1242 2336; x_wconf 84' lang='lat'><strong>‚-</strong></span> 
     </span>
    </p>

    <p class='ocr_par' dir='ltr' id='par_1_10' title="bbox 47 2340 1243 2421">
     <span class='ocr_line' id='line_1_28' title="bbox 47 2340 1243 2421; baseline -0.001 -19.996"><span class='ocrx_word' id='word_1_164' title='bbox 47 2343 213 2403; x_wconf 81' lang='lat' dir='ltr'><strong>Hunc</strong></span> <span class='ocrx_word' id='word_1_165' title='bbox 266 2343 519 2402; x_wconf 81' lang='lat' dir='ltr'><strong>hominem</strong></span> <span class='ocrx_word' id='word_1_166' title='bbox 572 2345 790 2403; x_wconf 83' lang='lat' dir='ltr'><strong>liberum</strong></span> <span class='ocrx_word' id='word_1_167' title='bbox 829 2345 926 2421; x_wconf 74' lang='lat' dir='ltr'><em>ff</em></span> <span class='ocrx_word' id='word_1_168' title='bbox 964 2344 1074 2402; x_wconf 77' lang='lat' dir='ltr'><em>dico</em></span> <span class='ocrx_word' id='word_1_169' title='bbox 1115 2340 1243 2418; x_wconf 68' lang='lat' dir='ltr'><strong>jure</strong></span> 
     </span>
    </p>

    <p class='ocr_par' dir='ltr' id='par_1_11' title="bbox 56 2418 1251 2569">
     <span class='ocr_line' id='line_1_29' title="bbox 56 2418 1251 2569; baseline 0 -90"><span class='ocrx_word' id='word_1_170' title='bbox 56 2422 412 2508; x_wconf 73' lang='lat' dir='ltr'><strong>Qiritium:</strong></span> <span class='ocrx_word' id='word_1_171' title='bbox 466 2444 581 2510; x_wconf 89' lang='lat' dir='ltr'><strong>quo</strong></span> <span class='ocrx_word' id='word_1_172' title='bbox 618 2421 864 2569; x_wconf 47' lang='grc' dir='ltr'>ΙΡἾέΓειὲὶο</span> <span class='ocrx_word' id='word_1_173' title='bbox 903 2421 993 2484; x_wconf 82' lang='lat' dir='ltr'><strong>vel</strong></span> <span class='ocrx_word' id='word_1_174' title='bbox 1031 2418 1251 2564; x_wconf 63' lang='grc' dir='ltr'><strong>Πᾶοῑί</strong></span> 
     </span>
    </p>

    <p class='ocr_par' dir='ltr' id='par_1_12' title="bbox 718 2520 1225 2585">
     <span class='ocr_line' id='line_1_30' title="bbox 718 2520 1225 2585; baseline -0.006 -21"><span class='ocrx_word' id='word_1_175' title='bbox 718 2525 757 2564; x_wconf 89' lang='lat' dir='ltr'>n</span> <span class='ocrx_word' id='word_1_176' title='bbox 802 2520 832 2585; x_wconf 81' lang='lat'><em>3</em></span> <span class='ocrx_word' id='word_1_177' title='bbox 1155 2520 1225 2563; x_wconf 78' lang='lat' dir='ltr'><strong>ve</strong></span> 
     </span>
    </p>
   </div>
   <div class='ocr_carea' id='block_1_3' title="bbox 0 0 107 1754">
    <p class='ocr_par' dir='ltr' id='par_1_13' title="bbox 0 0 107 1754">
     <span class='ocr_line' id='line_1_31' title="bbox 0 0 107 683; baseline 0 0"><span class='ocrx_word' id='word_1_178' title='bbox 0 0 107 683; x_wconf 95' lang='lat' dir='ltr'><strong>    </strong></span> 
     </span>
     <span class='ocr_line' id='line_1_32' title="bbox 0 683 34 1258; baseline 0 0"><span class='ocrx_word' id='word_1_179' title='bbox 0 683 34 1258; x_wconf 95' lang='lat' dir='ltr'><strong>  </strong></span> 
     </span>
     <span class='ocr_line' id='line_1_33' title="bbox 0 1258 17 1754; baseline 0 1179"><span class='ocrx_word' id='word_1_180' title='bbox 0 1258 17 1754; x_wconf 95' lang='lat' dir='ltr'><strong> </strong></span> 
     </span>
    </p>
   </div>
   <div class='ocr_carea' id='block_1_4' title="bbox 56 2596 624 2666">
    <p class='ocr_par' dir='ltr' id='par_1_14' title="bbox 56 2596 624 2666">
     <span class='ocr_line' id='line_1_34' title="bbox 56 2596 624 2666; baseline 0.005 -17"><span class='ocrx_word' id='word_1_181' title='bbox 56 2605 85 2644; x_wconf 70' lang='grc' dir='ltr'>ι</span> <span class='ocrx_word' id='word_1_182' title='bbox 113 2596 211 2649; x_wconf 72' lang='lat' dir='ltr'><strong>cic.</strong></span> <span class='ocrx_word' id='word_1_183' title='bbox 237 2611 312 2665; x_wconf 82' lang='lat' dir='ltr'><strong>pro</strong></span> <span class='ocrx_word' id='word_1_184' title='bbox 341 2606 522 2654; x_wconf 70' lang='lat' dir='ltr'><strong>caet-c.</strong></span> <span class='ocrx_word' id='word_1_185' title='bbox 551 2615 624 2666; x_wconf 81' lang='lat'><strong>34.</strong></span> 
     </span>
    </p>
   </div>
  </div>
 </body>
</html>
