1794 2933
252 108 709 186 'Aua-1QJ1TAT.
750 107 1031 176 RQMAN.
1164 131 1189 174 1
1206 133 1279 193 17

72 207 239 294 plebe
293 209 376 269 est
430 209 884 269 communicatus
930 220 968 267 ².
1054 207 1277 271 Curules

28 367 30 371 ,
72 308 264 352 autem
304 290 365 348 hi
406 291 677 370 postremi
731 290 858 349 sunt
910 287 1045 349 diffi
1072 332 1093 365 5
1139 293 1270 373 quia

72 367 200 430 sella
227 375 426 447 curuli,
457 387 596 452 toga
623 386 948 451 praetexta,
970 373 1098 451 jure
1124 372 1267 433 ima-

72 451 273 530 ginum
314 472 489 533 aeque
527 473 593 510 ac
635 451 988 532 magistratus
1027 454 1266 533 majores

71 530 377 592 utebantur
393 561 413 605 3
433 553 575 614 quae
604 535 796 592 omnia
822 529 1114 593 Aedilibus
1142 534 1264 615 ple-

60 609 156 671 ·bis
183 630 385 695 negata
411 611 556 674 sunt.

154 695 423 775 Denique
451 696 524 754 A.
554 695 637 755 U.
665 715 803 774 709.
839 693 1022 770 Julius
1064 693 1265 758 Caesar

68 772 212 835 duos
241 775 466 835 Aediles
494 775 707 835 addidit
736 805 755 847 3
804 776 933 857 qui,
979 775 1136 855 quod
1163 798 1260 836 an-

69 875 281 915 nonam
322 872 580 916 curarent
621 901 641 934 5
699 859 936 915 Cereales
989 877 1021 914 a
1079 859 1268 920 Cerere

0 946 2 969 ἓ
67 934 303 1018 frugum
332 939 459 996 Dea
486 936 735 1018 praefide
762 935 890 996 sunt
916 935 1051 994 dieti
1080 937 1104 976 b
1132 964 1154 1008 3
1201 939 1263 1000 ὃς

67 1014 288 1099 semper
314 1038 385 1077 ex
414 1019 660 1098 patriciis
687 1016 814 1077 sunt
842 1018 1032 1077 creati.

150 1109 196 1170 §.
243 1100 322 1159 ΙΙ.
379 1100 586 1160 Mcmts
626 1101 900 1160 Aedilium
939 1099 1024 1157 his
1066 1100 1259 1178 paucis

67 1178 251 1241 verbis
264 1178 524 1239 describit
540 1180 749 1240 Cicero
764 1182 826 1239 de
838 1183 1029 1259 legibus
1063 1198 1083 1239 1
1106 1200 1126 1238 1
1147 1199 1168 1239 1
1185 1227 1195 1238 .
1212 1204 1258 1240 c.

71 1276 101 1340 3
115 1260 383 1340 ,simtoque
397 1264 612 1321 Aediles
625 1275 886 1321 curatores
902 1263 1083 1335 Urbis,
1097 1281 1258 1320 anno-

65 1362 198 1418 nae,
239 1345 575 1421 Iudaeumque
586 1342 876 1421 solennium
893 1363 913 1401 .·
955 1340 1160 1418 ollisque
1186 1344 1264 1401 ad

64 1421 271 1484 honoris
297 1427 564 1500 amplioris
581 1425 808 1503 gradum
837 1425 881 1481 is
912 1426 1118 1500 primus
1156 1423 1255 1483 ad-

46 1501 259 1590 stenslits
284 1505 398 1582 esto,

146 1587 398 1646 Primus-n
450 1587 638 1666 itaque
690 1585 900 1644 horum
968 1582 1257 1666 magistra-

66 1680 235 1727 tuum
273 1688 458 1726 munus
496 1667 607 1727 fuit
649 1688 774 1728 cum
805 1669 965 1726 Urbis
990 1710 1010 1741 ,
1057 1674 1077 1743 (
1106 1665 1257 1724 unde

71 1745 306 1807 Graecis
336 1747 569 1822 οἱςυνέμοι
598 1794 617 1826 5
661 1747 812 1830 quafi
859 1750 1019 1806 Urbis
1056 1747 1253 1824 legifhz-

67 1838 203 1886 tores
228 1828 375 1889 dicas
401 1874 422 1906 5
465 1829 592 1890 sunt
633 1828 930 1910 appellati)
974 1827 1044 1886 ad
1083 1847 1269 1906 quam.

68 1903 385 1984 specstarunt
409 1911 690 1993 sequentia
722 1933 733 1969 :
768 1913 974 1987 primo,
1017 1922 1083 1966 ut
1109 1907 1260 1966 aedi-

71 1985 205 2047 ficia
230 1989 457 2068 publica
483 2035 504 2067 ‚
546 1991 760 2073 templa
784 1988 1030 2066 scilicet,
1070 1986 1257 2047 bafili-

69 2087 161 2127 cas
199 2113 219 2145 5
276 2071 528 2149 porticus
568 2118 587 2149 5
643 2069 1016 2152 aquaedustus
1056 2113 1076 2145 5
1135 2069 1252 2128 &c.

70 2163 365 2208 tuerentur
393 2151 454 2209 δί
481 2168 772 2226 curarent,
814 2150 1133 2229 praesertim
1160 2170 1256 2207 va-

72 2246 234 2291 cante
262 2230 485 2291 censura
512 2248 533 2275 c
562 2262 583 2305 3
627 2248 754 2290 tum
794 2230 963 2288 etiam
1005 2230 1254 2309 privato—

632 2314 699 2372 H
743 2330 781 2391 5-
1014 2318 1017 2321 '
1128 2312 1267 2368 rum*

70 2403 100 2449 a
125 2392 189 2439 1d.
207 2407 317 2442 VH.
340 2409 374 2439 c.
399 2407 440 2441 1.
541 2392 571 2441 b
603 2391 629 2437 l.
652 2408 696 2440 2.
730 2395 773 2446 ᾗ.
796 2405 870 2453 32.
888 2389 940 2453 ff
964 2388 1258 2450 deOrig.Jur.

133 2463 241 2504 Suet.
263 2456 365 2516 Jul.
390 2473 425 2503 c.
453 2470 531 2514 41.
559 2457 660 2503 Dio.
697 2464 748 2504 L.
781 2458 1008 2512 xL111.f.
1108 2467 1132 2499 c
1163 2460 1257 2501 Sex.

134 2518 234 2576 Jul.
254 2521 446 2570 Frontin.
469 2521 516 2567 de
540 2520 722 2584 aquaed.
744 2527 899 2570 Romae
912 2524 962 2566 L.
979 2531 1049 2570 11.
1062 2533 1109 2566 n.
1125 2515 1259 2585 1656,

132 2585 186 2643 eT-
207 2587 281 2643 11².
308 2589 424 2644 Ant.
444 2589 608 2651 Graev.
1196 2586 1199 2589 ’
