1794 2933
544 144 661 195 192
888 120 1469 184 CoMPENDIUM

537 222 696 307 quod
725 221 898 282 fiebat
924 218 1072 279 tacta
1098 222 1216 301 ejus
1243 225 1481 281 auricula
1509 232 1561 298 ²,
1604 223 1736 304 quia

528 310 641 366 ima
667 307 814 363 auris
843 301 1154 362 memoriae·
1174 300 1323 360 sedes
1347 301 1659 364 habebatur
1687 305 1730 364 b.

527 386 646 448 Sed
689 384 882 464 postea
937 381 1124 442 edicto
1166 381 1445 442 Praetoris
1498 397 1732 444 cautum

532 467 676 542 fuit,
724 480 825 541 ut,
869 462 910 523 fi
955 465 1074 544 quis
1117 463 1176 521 in
1211 466 1304 545 jus
1331 478 1570 524 vocatus
1611 484 1729 525 non

533 548 642 606 iret
669 589 688 622 ,
745 544 1024 605 satisdaret
1049 589 1070 621 ‚
1111 543 1267 620 fore,
1309 558 1375 603 ut
1414 543 1466 603 se
1504 546 1564 603 in
1598 547 1730 624 jure

530 627 750 688 fisteret
777 640 817 684 ⁶.
902 627 962 686 Si
1001 646 1125 684 reus
1165 624 1319 701 sati3‚
1359 624 1453 686 vel
1493 641 1726 685 cautum

529 730 651 768 non
678 706 942 782 dediffet,
960 706 1088 787 post
1115 706 1540 766 antestationem
1557 708 1614 766 in
1634 709 1728 787 jus

530 788 849 849 ducebatur
876 788 946 846 ad
972 789 1302 846 Praetorem
1330 787 1724 867 postulationi-

455 870 462 904 s
528 869 636 930 bus
664 870 983 941 sedentem3
1028 868 1277 948 alioquin
1304 869 1363 926 in
1405 888 1726 945 carcerem,

528 951 630 1011 ubi
671 950 976 1010 servaretur
1016 949 1074 1007 in
1112 945 1442 1029 sequenteni
1477 949 1725 1028 postula-

529 1033 702 1091 tionis
743 1031 895 1090 diem
938 1030 996 1089 in
1033 1032 1162 1110 jure
1206 1028 1428 1088 fistendi
1471 1030 1652 1090 caussa
1675 1030 1722 1088 ἃ.

526 1112 716 1188 Qiod
746 1111 787 1170 fi
816 1112 937 1191 quis
964 1110 1122 1169 domi
1149 1109 1272 1169 suae
1299 1109 1575 1187 latitaret,
1619 1131 1723 1170 ex-

524 1195 748 1253 trahere
790 1191 1017 1273 quidem
1072 1213 1204 1251 eum
1259 1189 1389 1250 inde
1429 1212 1548 1250 non
1588 1191 1725 1251 lice-

527 1273 627 1334 bat
651 1289 671 1314 θ
708 1318 728 1350 ‚
786 1274 912 1354 quia
968 1271 1059 1331 sua
1112 1271 1314 1333 domus
1382 1270 1721 1334 tutiffimum

530 1357 735 1436 cuique
778 1353 1061 1435 refugium
1090 1370 1258 1436 atque
1296 1351 1722 1433 receptaculum

527 1436 611 1495 est
640 1465 661 1508 3
719 1456 915 1495 verum
959 1433 1145 1494 edicto
1200 1435 1477 1494 Praetoris
1502 1478 1522 1510 ‚
1567 1434 1722 1513 quod
1758 1451 1760 1453 ’
1792 1455 1794 1462 ’

525 1516 597 1575 ad
624 1516 781 1575 aedes
822 1516 899 1574 rei
942 1535 1076 1573 cum
1118 1515 1414 1574 testatione
1456 1513 1722 1595 affigeba-

528 1613 656 1673 tur,
700 1602 891 1656 citatus
932 1595 1077 1666 fuit3
1125 1597 1220 1672 Sc,
1265 1595 1306 1655 fi
1349 1596 1545 1654 tertiae
1575 1596 1717 1655 cita·-

524 1679 671 1737 tioni
700 1677 935 1755 (fiebant
963 1676 1255 1736 citationes
1297 1676 1496 1735 decem
1524 1673 1723 1737 diebus

524 1760 673 1818 inter
700 1757 939 1839 singulas
981 1756 1319 1836 interpofitis
1346 1755 1393 1830 f)
1437 1775 1561 1815 reus
1602 1776 1720 1818 non

524 1838 820 1919 paruisset,
862 1836 1140 1896 Praetoris
1166 1835 1397 1896 decreto
1424 1834 1576 1896 bona
1601 1838 1721 1915 ejus

527 1918 835 1999 possideri,
877 1915 1148 1999 proscribi
1192 1918 1253 1978 &
1291 1915 1517 1976 distrahi
1551 1915 1719 2056 jtssbe-

1624 2018 1720 2058 an«-

530 2160 557 2194 a
592 2153 744 2194 Horat.
766 2147 808 2193 d.
828 2145 866 2194 l.
885 2147 953 2208 vs:
975 2159 1046 2204 77-
1084 2144 1233 2192 plaut.
1270 2152 1398 2193 Curc.
1420 2147 1485 2189 A.
1505 2148 1555 2191 V.
1571 2149 1613 2190 S.
1650 2155 1724 2190 Π.

593 2212 660 2266 vs.
681 2223 754 2271 23.
767 2210 855 2273 [ἐς.
923 2209 951 2256 b
985 2209 1153 2256 Servius
1179 2208 1236 2254 ad
1261 2210 1372 2269 Virg.
1393 2205 1482 2252 Ecl.
1502 2217 1578 2252 vr.
1595 2206 1660 2262 vfi
1674 2218 1720 2267 3.

589 2287 616 2319 c
650 2275 794 2334 Tinff.
813 2271 854 2335 fi
875 2273 967 2336 quis
997 2274 1043 2320 in
1060 2274 1133 2333 jus
1155 2288 1244 2318 voc.
1268 2287 1350 2317 non
1369 2269 1442 2317 ier,
1506 2265 1536 2314 d
1572 2269 1720 2317 Plaut-

587 2338 718 2394 Persa
751 2351 821 2385 11.
853 2351 924 2384 tv.
954 2338 1022 2397 vs.
1057 2334 1124 2383 18.
1156 2333 1246 2382 Vid.
1282 2333 1351 2381 CI.
1386 2331 1527 2380 Noodt
1559 2331 1723 2388 observ.

594 2413 667 2448 11.
691 2418 727 2448 e.
745 2415 818 2449 20·
887 2413 915 2446 e
949 2399 1055 2446 l.18‚
1074 2412 1126 2450 ο·
1144 2412 1217 2446 21·
1233 2395 1288 2459 ff
1303 2395 1351 2442 de
1371 2397 1416 2442 in
1436 2395 1503 2454 jus
1523 2395 1721 2444 φοινία.

584 2466 678 2535 Ορε-
695 2476 772 2528 pro
796 2469 934 2515 Domo
953 2477 984 2512 c·
1006 2475 1080 2522 41·
1151 2459 1177 2510 f
1200 2458 1230 2510 l·
1258 2457 1332 2525 68·
1350 2458 1444 2525 sqq·
1456 2457 1511 2522 ff
1539 2457 1719 2523 dejudi-

586 2542 668 2587 qus.
