1690 2933
316 61 1356 136 D-EDICATIO...

17 196 551 311 ‘'impulerunss
614 193 999 277 obstrictus
1048 220 1328 279 tenear.
1454 198 1542 278 Et

56 341 134 395 ut
176 313 526 398 omnibus
585 309 944 392 constaret
985 375 1005 411 ‚
1092 315 1350 425 quanti
1412 309 1541 392 be-

15 439 17 441 ’
56 426 401 510 neficium
445 431 618 514 illud
682 425 992 506 vestrum
1038 492 1057 528 ,
1144 457 1300 539 quo
1345 424 1538 509 mihi

56 545 475 630 facultatem
537 546 843 655 collegia
921 543 1322 631 domestica
1403 540 1539 623 ha-

10 658 11 662 *
57 660 279 747 beudi
321 658 749 748 conceffistis
790 726 807 759 ‚
874 656 1189 752 facerem
1239 724 1261 761 ,
1349 689 1538 739 nun-

0 852 6 897 3
55 806 281 889 quam
319 778 573 859 ceflavi
616 803 774 858 toto
814 778 938 856 illo
979 803 1313 885 tempore
1356 804 1539 887 ope-

0 942 2 980 =
59 923 214 974 ram
280 925 523 974 meam
593 893 1073 977 commodare
1134 892 1536 973 humanio-

58 1039 219 1088 rum
268 1012 635 1093 literarum
683 1006 1003 1090 studiosis
1044 1074 1064 1106 ,
1129 1013 1257 1121 qui
1301 1038 1386 1091 ea
1427 1013 1531 1093 uti

57 1126 496 1208 voluerunt:
583 1133 678 1208 ita
733 1153 807 1206 ut
869 1131 1104 1207 varios
1149 1132 1529 1225 auctores,

56 1248 181 1353 qui
230 1245 454 1355 vulgo
493 1250 567 1325 in
616 1243 1023 1324 Academiis
1066 1248 1355 1322 tractari
1397 1269 1533 1355 pa-

56 1387 217 1439 rum
260 1359 532 1462 solent,
595 1386 875 1459 totum,
912 1360 1225 1470 exempli
1268 1363 1525 1471 gratia,

54 1476 409 1556 Tacitum
454 1542 475 1578 ,
541 1474 854 1558 Persium
904 1540 926 1577 ,
1013 1480 1526 1589 Propertium,

53 1589 375 1706 aliosque
476 1594 883 1706 petentibus
981 1595 1524 1704 explicaverim.

56 1709 526 1824 Eandemque
583 1740 804 1823 porro
864 1714 1058 1790 viam
1105 1739 1272 1790 cum
1326 1707 1527 1818 bona

57 1823 319 1924 vestra,
385 1832 550 1911 Viri
599 1824 1084 1936 Ampliffimi,
1122 1831 1330 1904 venia
1360 1853 1525 1935 pet-

56 1934 248 2056 sequi
289 1942 387 2022 est
431 1953 715 2025 animus
754 2007 773 2041 ‚
854 1942 1207 2056 quamdiu
1252 1969 1523 2051 corpo-

56 2061 147 2138 ris
212 2064 587 2171 animique
644 2057 1013 2139 facultates
1070 2059 1167 2138 illi
1218 2062 1523 2167 negotio

58 2172 471 2256 necessarias
500 2180 737 2287 largiri
769 2182 932 2255 Deo
957 2177 1323 2285 placuerit.
1387 2169 1520 2250 Sed

54 2319 147 2368 ne
193 2300 372 2374 meis
416 2293 802 2405 negotiolis
846 2291 1285 2371 recensendis
1330 2316 1522 2367 tem-

52 2433 230 2522 pora
295 2409 520 2492 vestra
582 2437 823 2493 morer
875 2470 892 2500 ,
993 2407 1166 2488 illud
1229 2430 1517 2487 tantum

839 2523 885 2569 ’ᾖ
957 2556 992 2633 3
1358 2548 1521 2632 pet-
