1690 2933
425 100 503 170 18
733 101 1318 162 COMPENDIUM

432 204 630 264 Patres
682 200 855 259 effent
884 244 903 276 ,
976 218 1113 257 cum
1165 196 1300 256 tales
1352 199 1625 277 majorem

431 281 810 363 Reipublicae
839 300 1034 339 curam
1077 276 1330 358 gesturos
1356 278 1464 337 effe
1491 299 1625 339 cen-

434 362 534 424 seri
561 362 779 422 debeat.

514 444 692 503 Paulo
721 441 849 522 post
887 439 1115 501 Urbem
1158 439 1446 499 conditam
1488 442 1620 499 Ro-

433 524 610 584 manis
651 524 711 583 &
755 521 969 584 Sabinis
1005 519 1268 580 societate
1302 520 1510 602 junctis
1551 541 1626 581 ex

434 606 520 665 his
561 605 730 663 etiam
773 618 1007 662 centum
1049 603 1328 662 curiarum
1354 600 1619 682 suffragio

433 687 492 744 in
538 687 808 744 Senatum
851 682 981 741 lecti
1021 681 1176 740 sunt:
1222 695 1243 721 ²
1282 682 1461 741 Tullus
1501 683 1624 763 qui-

434 765 568 825 dem
635 766 892 842 Iiostilius
959 763 1155 820 tertius
1221 761 1622 822 Romanorum

432 847 572 906 Rex
602 846 938 905 Senatomm
964 862 1265 901 numerum
1291 863 1408 901 non
1433 845 1589 901 auxit
1605 887 1626 919 ‚

433 925 526 985 sed
555 924 786 985 Albanis
811 927 1067 984 Romam
1095 921 1360 982 traductis
1375 967 1395 999 ,
1441 923 1502 982 ὃς
1517 945 1621 983 no-

435 1005 703 1066 biliffimis
742 1027 941 1065 eorum
980 1002 1198 1063 familiis
1246 1004 1455 1082 (quales
1495 1003 1618 1063 fue-

434 1087 779 1163 runtJuliae‚
796 1086 1058 1147 Serviliae
1072 1129 1092 1161 ‚
1108 1082 1410 1158 Qiinffiae
1426 1085 1539 1143 &o
1568 1085 1618 1159 b)

434 1170 583 1228 inter
622 1169 888 1248 patricios
927 1165 1143 1226 adscitis
1183 1166 1452 1224 Senatum
1491 1165 1620 1246 sup-

433 1249 613 1330 plevit
643 1272 655 1308 :
701 1261 722 1288 0
778 1246 1122 1328 Tarquinius
1175 1266 1312 1304 vero
1353 1245 1570 1305 Priscus
1598 1290 1620 1323 ‚

432 1331 531 1412 qui
572 1330 751 1388 homo
792 1349 971 1388 novus
1013 1327 1074 1386 ὅῑ
1128 1328 1451 1408 peregrinae
1506 1327 1622 1385 ori-

432 1410 576 1491 ginis
630 1425 746 1470 erat
773 1453 794 1486 ,
849 1407 1112 1488 potestati
1151 1405 1274 1466 suae
1315 1407 1622 1467 firmandae

431 1496 456 1531 ‘1
486 1505 720 1551 centum
761 1511 834 1549 ex
888 1486 1351 1570 praestantiffimis
1390 1487 1621 1569 plebcjis

429 1573 578 1631 inter
618 1571 881 1651 patricios
915 1617 925 1628 .
983 1571 1044 1630 &
1085 1568 1216 1627 inde
1257 1570 1403 1629 inter
1446 1571 1616 1631 Sena-

429 1668 580 1712 tores
621 1653 814 1711 retulit
839 1695 859 1727 ,
889 1650 1176 1729 [αὲἳίοηεηφ
1215 1650 1364 1708 haud
1408 1652 1621 1709 dubiam

418 1736 626 1812 Regis,
669 1734 810 1810 cujus
836 1733 1070 1808 beneficio
1110 1735 1166 1789 in
1196 1733 1417 1789 Curiam
1458 1753 1612 1790 vene-

426 1828 575 1872 rante
616 1841 638 1884 3
696 1815 772 1872 ita
812 1827 878 1871 ut
916 1811 1154 1871 trecenti
1202 1813 1322 1891 jam
1377 1831 1618 1871 numero

427 1894 644 1952 effent:
702 1894 787 1952 Hi
829 1892 1099 1974 postremi
1142 1893 1434 1952 Senatores
1476 1907 1617 1951 tunc

427 1975 656 2055 quidem
698 1973 832 2032 dieti
872 1973 998 2031 sunt
1035 1975 1311 2034 Affinorum
1342 1976 1576 2051 gentium
1591 2001 1614 2044 3

426 2076 556 2114 nam
599 2055 713 2113 aliis
745 2053 1106 2114 Senatoribus
1133 2075 1165 2111 a
1191 2055 1364 2112 Bruto
1406 2052 1614 2111 allectis

424 2135 607 2195 tractu
648 2136 918 2215 temporis
958 2136 1238 2213 Majorum
1270 2137 1502 2211 gentium
1530 2132 1614 2190 di-

423 2218 477 2273 ci
507 2231 850 2297 coeperunt:
894 2217 1083 2298 itaque
1125 2211 1505 2274 conciliandus
1532 2213 1616 2273 est

1505 2293 1612 2353 Ta-

418 2443 447 2478 a
482 2431 610 2478 Dion.
631 2427 733 2477 Hal.
758 2441 828 2476 11.
849 2443 884 2475 c.
904 2441 977 2488 47·
1033 2426 1061 2475 b
1085 2424 1293 2475 Liv.l.1.
1325 2437 1448 2486 c.3o‚
1491 2424 1623 2474 cVid‚

479 2494 919 2555 eund.l.111.c.29.
984 2492 1017 2542 d
1050 2492 1118 2540 ld.
1141 2490 1240 2541 ibid.
1263 2505 1297 2539 c.
1313 2488 1390 2548 67.
1453 2501 1481 2538 e
1515 2490 1620 2541 Liv.

473 2570 513 2607 1.
536 2571 667 2620 c·35·
