1690 2933
284 133 737 212 'ANan-AT.
780 137 1058 202 ROMAN.
1244 154 1291 228 3.
1376 128 1398 158 '

75 232 172 297 nia
213 233 362 294 filius
390 280 411 312 ‚
455 250 479 277 ²
520 259 553 297 a
594 259 710 320 quo
763 260 961 300 omnes
1016 241 1285 325 deinceps

49 348 52 350 v
83 316 289 376 Albani
301 319 470 396 Reges
488 321 663 394 Sylvii
689 318 815 380 sunt
845 341 917 380 co
963 324 1238 384 nominati
1252 354 1278 399 3

86 417 331 477 quorum
372 398 565 459 seriem
609 399 737 462 vide
779 423 890 482 apu
972 406 1104 462 Liv.
1143 425 1192 464 1.
1235 429 1280 467 c.

91 494 142 555 3.
186 478 248 537 &
272 477 424 558 apud
466 481 691 560 Dionys
727 485 910 542 Halic.
941 488 978 543 l.
1018 504 1067 543 1.
1099 507 1140 543 c.
1177 507 1276 567 70.

0 566 1 573 ’
67 555 181 637 fi’q.
239 559 635 622 Duodecimus
690 584 722 621 a
761 563 1038 624 Postumo
1080 566 1284 628 Procas

87 637 227 698 duos
281 641 506 723 reliquit
549 643 696 703 filios
722 688 745 721 ‚
798 666 1045 726 quorum
1088 648 1279 710 minor

88 734 225 779 natu
264 724 513 784 Amulius
553 724 788 786 fratrem
827 729 1103 802 maiorem
1144 732 1277 789 Nu-

0 809 1 813 ’
87 804 325 863 mitorem
354 825 455 883 per
481 807 600 865 vim
640 822 876 887 paterno
913 801 1134 867 honore
1164 812 1279 890 pri·-

88 886 271 946 vavit:
316 901 494 967 utque
533 907 593 946 re
635 908 773 946 num
813 886 1016 947 scelere
1056 908 1284 968 partum

14 1016 20 1022 .
92 964 193 1026 fibi
222 965 462 1047 posteris
487 987 559 1025 ue
616 967 700 1026 uis
740 965 978 1028 servaret
1006 971 1287 1048 Aegestum

94 1047 422 1107 Numitoris
496 1048 635 1107 lium
673 1049 820 1108 inter
844 1050 1164 1109 venandum
1193 1053 1280 1110 in-

92 1128 314 1189 terfecit
341 1126 364 1164 ¹³
392 1156 414 1200 3
458 1128 634 1188 filiam
673 1149 810 1189 vero
852 1130 1181 1190 Numitoris
1223 1134 1286 1190 I-

92 1214 255 1286 Eam,
298 1206 413 1268 five
439 1210 652 1270 Rhemn
681 1211 722 1269 S
714 1214 955 1287 flaviam,
997 1228 1064 1271 ut
1078 1211 1142 1271 se
1171 1215 1237 1273 V
1229 1237 1282 1272 e-

83 1293 201 1370 stae
242 1290 423 1350 cultui
462 1290 845 1369 consecraret,
891 1295 1122 1376 coegit,
1163 1292 1283 1375 spe-

97 1374 183 1432 cie
262 1370 454 1431 uidem
495 1372 726 1432 honoris
751 1417 772 1449 ,
828 1394 1020 1433 revera
1058 1389 1248 1435 autem
1264 1418 1285 1450 ‚

97 1474 169 1513 ne
208 1475 248 1513 u
321 1473 383 1511 m
424 1453 648 1533 prolem
688 1453 879 1513 ederet
909 1498 929 1531 9
970 1456 1100 1536 quia
1142 1456 1288 1514 illius

98 1535 260 1595 Deae
299 1532 607 1595 sacerdotes
647 1537 708 1595 in
762 1552 1103 1616 perpetuum
1157 1538 1290 1597 viris

99 1614 152 1675 se
177 1615 449 1677 abstinere
474 1614 771 1676 debebant.
854 1618 937 1676 At
966 1618 1069 1678 Ilia
1107 1639 1140 1676 a
1164 1619 1292 1677 viro

101 1697 289 1779 aliquo
344 1697 570 1757 militari
642 1704 847 1779 (quem
874 1741 895 1774 9
952 1700 1081 1779 quia
1135 1701 1291 1758 Deus

103 1785 283 1838 ακὲῗον
323 1783 501 1857 culpae
526 1780 777 1858 honestior
801 1792 919 1838 erat
933 1823 953 1855 ,
995 1793 1016 1820 ⁶
1047 1781 1294 1841 Martem

104 1858 262 1919 fuisse
291 1858 618 1933 finxerunt)
662 1859 975 1942 compressa
999 1861 1296 1942 geminum

106 1947 364 2021 partum,
394 1941 470 2034 §c
512 1940 743 2022 quidem
781 1941 1090 2001 masculum
1120 1986 1139 2018 ‚
1181 1941 1300 1999 edi-

110 2020 226 2080 dit:
268 2043 376 2102 qua
418 2040 478 2083 re
516 2024 750 2104 cognita
790 2022 1054 2082 Amulius
1093 2042 1299 2103 pueros

110 2101 171 2160 in
199 2098 428 2163 Tiberim
453 2104 658 2184 projici
691 2102 864 2184 juffit.
947 2103 971 2142 ‘³
1002 2103 1158 2164 Cum
1199 2124 1301 2162 ve-

112 2204 179 2243 ro
219 2183 263 2242 is
317 2182 523 2245 fluvius
575 2185 723 2244 forte
775 2187 908 2266 ripis
944 2184 1299 2266 restagnafl'et
1384 2196 1386 2199 “
1436 2180 1445 2205 ²
1487 2163 1496 2183 ⁵
1542 2194 1544 2198 '

730 2266 785 2323 A
830 2284 864 2324 2.
1226 2266 1302 2324 ‘in
1349 2318 1355 2329 ,
1416 2286 1468 2326 J

115 2359 142 2394 a
176 2345 302 2393 Dion.
335 2344 436 2392 Hal.
473 2345 544 2392 loc.
575 2362 609 2395 c.
638 2359 709 2404 70.
742 2352 853 2391 Sext.
890 2351 1005 2393 Aur.
1038 2346 1143 2392 Via.
1177 2345 1225 2391 de
1245 2362 1306 2393 or.
1339 2331 1381 2357 ’ἐζ
1449 2344 1452 2354 ⁴

173 2415 289 2472 ge'nt.
315 2415 437 2457 Rom.
468 2427 521 2456 ex
556 2412 694 2458 ναῖεν.
724 2411 936 2466 Antiaee,
971 2426 1023 2461 O·
1037 2409 1164 2471 paulo
1187 2408 1310 2454 aliter

182 2473 331 2521 Liui.
363 2489 395 2519 c.
421 2486 461 2533 3.
524 2474 553 2520 b
588 2474 716 2519 Dion.
752 2472 857 2520 Hal.
886 2490 926 2521 1.
957 2491 991 2520 c.
1015 2474 1085 2528 76.
1149 2487 1175 2520 c
1207 2473 1309 2519 Liv.

184 2539 213 2584 l.
230 2553 276 2594 4.
329 2536 358 2584 d
377 2538 469 2587 Via.
489 2539 628 2597 ingens
652 2538 811 2599 fragm.
831 2537 879 2582 de
898 2535 1137 2599 expofitione
1155 2544 1310 2583 Romu-

192 2601 221 2648 li
240 2617 291 2648 ex
303 2604 361 2664 ἐζ.
382 2600 508 2650 Fabio
525 2603 687 2666 pistore
710 2613 778 2665 ap.
802 2601 931 2654 Dion.
951 2601 1052 2651 Hal.
1074 2603 1102 2649 Ι.
1136 2613 1217 2661 79·
