1794 2933
221 94 674 176 ANTIQUITAT}
715 102 993 163 ROMAN.
1126 115 1246 185 157

31 203 119 271 sris
170 201 430 280 perpetui
485 221 699 260 nomen
744 198 844 258 fibi
885 201 1173 280 arrogavit
1206 215 1244 258 ².

51 279 169 342 Sub
196 278 550 361 sequentibus
562 302 697 340 vero
715 279 1072 361 Principibus
1088 281 1243 340 Cen-

45 359 167 420 sura
193 360 389 420 scnfim
417 363 475 420 in
503 360 926 420 desuetudinem
953 360 1125 438 abiit,
1141 362 1244 421 nifi

49 442 206 522 quod
233 440 330 500 sub
359 445 529 501 Decio
561 443 946 518 Valerianum,
975 442 1071 521 qui
1100 463 1242 502 mox

46 519 374 602 Imperator
402 522 544 598 fuit,
591 521 899 582 Censuram
928 521 1136 604 geffiffe
1163 524 1243 583 le-

40 605 234 684 gimus
262 603 303 662 b.

52 761 78 796 a
115 746 302 808 Inscript.
325 761 390 811 ap.
412 755 598 811 Grut.p.
624 748 1052 810 ntxxrv.n.5.6.7.
1099 750 1127 799 b
1150 757 1249 801 Tre-

112 811 206 859 bell.
229 813 356 861 Pollio
374 815 420 863 in
439 815 574 861 Valer.
598 829 631 863 c.
661 829 698 861 1.
709 818 800 877 seq.

173 974 514 1037 CAPUT
595 973 1123 1035 DECIMUM.

441 1140 535 1198 De
577 1139 854 1216 Interrege.

111 1312 364 1381 m‘erreges
395 1300 642 1380 (Graece
668 1312 691 1339 ²
720 1298 1102 1375 μεσοὲοισιλεῖς)
1122 1303 1236 1382 pri-

47 1318 308 1442 I'mum
350 1381 482 1463 ,post
524 1392 771 1442 monem
810 1382 1055 1442 Romuli
1082 1383 1238 1442 insti-

48 1464 160 1521 tuti
186 1461 309 1522 sunt
333 1463 399 1536 b..
465 1462 621 1523 Cum
663 1463 814 1521 enim
844 1462 1062 1522 ordines
1091 1464 1238 1524 inter

47 1542 101 1602 se
128 1542 470 1603 dissentirent
498 1588 518 1621 ,
576 1545 635 1604 &
675 1544 822 1602 inter
845 1545 1144 1604 Romanos
1171 1567 1237 1604 ac

49 1622 289 1684 Sabinos·
308 1625 380 1685 de
405 1625 905 1707 regno‘contentio
933 1641 1057 1684 orta
1084 1625 1238 1702 effer,

49 1703 296 1781 placuit3
342 1723 407 1765 ut
437 1727 604 1787 penes
638 1725 823 1764 unum
851 1726 925 1764 ex
957 1709 1240 1766 Senaton'-

53 1783 154 1852 bus
194 1786 429 1869 infignia
483 1788 544 1847 δε
597 1807 800 1846 munus
838 1787 1096 1868 Regium
1138 1809 1241 1868 per

51 1866 296 1947 quinque
311 1868 422 1927 dies
437 1867 569 1927 effet
587 1868 793 1946 (minus
808 1867 1239 1948 1⁴e&e,ptlt0‚di-

50 1947 132 2005 cit
146 1947 478 2006 Plutarchus
497 1952 688 2008 Numa
696 1967 752 2025 p.
770 1970 839 2007 m.
858 1957 893 2008 6
907 1969 926 2007 1
945 1996 954 2006 .
972 1949 1123 2008 horis
1148 1969 1166 2008 1
1184 1969 1239 2008 2..

51 2026 391 2107 potestatem
431 2029 790 2109 interregiam
847 2029 1003 2088 fuiffe
1058 2029 1240 2088 inclu-

24 2107 157 2172 sam
187 2136 208 2179 3
271 2109 332 2168 ὃς
372 2109 429 2165 in
468 2120 623 2167 voce⁴
654 2120 827 2183 Κυρίνῳ
855 2109 1016 2169 locus
1043 2131 1243 2168 corru-

22 2204 177 2268 jptus
205 2188 308 2261 est)
325 2217 344 2259 3
391 2203 559 2268 atque
600 2190 641 2248 is
663 2233 683 2265 ‚
725 2212 794 2249 eo
822 2206 1083 2269 tempore
1112 2185 1243 2248 finjss

23 2271 112 2328 }t0
140 2313 161 2345 ‚
217 2268 374 2329 alteri
403 2313 422 2345 ‚
480 2290 651 2350 quem
680 2271 969 2329 nominare
996 2269 1166 2329 vellet
1189 2283 1241 2347 Ε,

751 2351 807 2410 L
1179 2371 1244 2411 ea

51 2460 78 2494 a
111 2446 237 2495 Dion.
259 2448 357 2495 Hal.
365 2449 485 2512 saepe
509 2485 523 2510 ‚
555 2450 629 2513 qui
651 2463 795 2498 tamen
821 2464 890 2498 xx.
912 2465 946 2494 c.
972 2449 1046 2510 69.
1081 2465 1142 2496 eos
1163 2466 1242 2494 vo-

112 2522 179 2569 cat
206 2513 510 2572 ἀντιβασιλιάις,
572 2515 601 2563 b
636 2515 736 2565 Liv.
774 2529 812 2564 1.
836 2531 870 2567 c.
897 2526 967 2571 17.
1050 2526 1074 2561 C
1118 2513 1247 2565 Dion.

68 2595 72 2598 ·
103 2572 251 2624 -J-Iah'c.
273 2591 318 2626 v.
339 2593 372 2625 c.
394 2591 470 2636 72.
