1690 2933
259 118 710 197 ANTIQJITAT.
752 118 1029 181 ROMAN.
1204 142 1283 196 19

84 213 296 277 Tacitus
349 223 645 279 Annalium
688 221 724 278 l.
767 237 869 277 XI.
911 241 953 277 c.
1000 237 1095 300 25.
1140 241 1277 282 cum

85 298 260 357 Livio
287 303 323 358 l.
361 319 410 358 1.
441 323 482 359 c.
519 318 613 378 25'.
658 300 861 376 Junius
887 299 1040 357 enim
1069 303 1279 362 Brutus

89 380 247 456 (vel,
285 382 453 460 juxta
493 380 662 456 alios,
708 381 782 436 P.
814 382 1065 439 Valerius
1094 383 1280 460 Popli-

88 460 220 532 cola)
264 481 398 520 cum
442 459 757 539 Tarquinius
801 460 1060 537 Superbus
1099 463 1282 521 Patri-

89 541 243 599 cium
287 543 349 601 &
391 543 748 602 Senatorium
791 540 1051 600 ordinem
1096 544 1282 602 caedi-

90 617 193 680 bus
233 622 564 682 exhaufiffet
592 667 612 697 9
657 629 810 699 (nam
851 623 948 702 qui
969 622 1124 704 justo
1166 646 1285 684 ma-

84 705 273 783 jorem
315 702 655 784 potestatem
685 703 960 781 cupiunt,
1004 703 1287 782 ejusmodi

96 783 359 844 Concilia
398 785 621 844 abolere
665 799 977 858 conantur,
1019 779 1085 844 ut
1127 808 1287 867 prae-

96 867 266 924 terito
308 866 494 925 leculo
537 867 596 923 in
637 864 872 922 Francia
912 863 1124 924 filetum
1155 911 1174 941 ,
1232 869 1291 928 in

99 946 308 1027 Anglia
348 961 631 1005 tentatum
672 943 818 1015 fuit)
862 948 1175 1026 praecipuis
1216 968 1291 1007 ex

97 1028 334 1107 equestri
377 1026 572 1086 ordine
599 1026 746 1084 inter
774 1026 975 1084 Patres
1003 1029 1294 1107 conscriptis

101 1109 371 1167 Senatum
427 1107 704 1188 supplevit
736 1119 757 1146 ³
785 1134 806 1176 3
864 1106 1015 1166 unde
1055 1110 1296 1168 Patrum

102 1189 513 1268 Confcriptorunz
592 1186 1028 1269 appellationem
1102 1195 1124 1268 (
1152 1211 1295 1272 quae

97 1268 360 1350 deinceps
401 1269 636 1329 solennis
679 1268 787 1327 fuit
815 1314 834 1345 ,
879 1284 945 1327 ut
989 1290 1195 1349 nempe
1236 1274 1296 1332 in

103 1349 374 1411 Senatum
400 1366 771 1426 vocarentur,
815 1354 904 1428 qui
929 1352 1118 1409 Patres
1133 1397 1152 1429 9
1169 1355 1294 1432 qui-

101 1451 173 1489 ve
187 1431 512 1513 Conscripti
527 1432 699 1491 ess'ent
714 1432 756 1507 ,)
774 1447 959 1490 ortam
975 1430 1130 1491 fuiffe
1145 1434 1293 1492 mul-

105 1513 149 1592 ssi
178 1514 411 1573 volunt:
444 1515 749 1573 Panvim'us
777 1532 913 1571 Vero
944 1534 1140 1572 omnes
1169 1514 1299 1592 post

104 1595 349 1653 Romuli
403 1594 645 1676 primam
686 1592 989 1653 helionem
1030 1595 1298 1655 affumtos

107 1678 306 1734 Patres
334 1679 382 1734 C
383 1676 652 1754 onscriptos
690 1675 847 1733 fuiffe
886 1673 1064 1734 dielos
1105 1675 1303 1735 afferit.

112 1758 180 1814 G.
223 1758 487 1816 Gracchus
527 1756 823 1816 Tribunus
880 1755 1058 1837 plebis
1103 1758 1175 1816 A.
1219 1758 1303 1818 U.

112 1845 150 1895 6
159 1850 185 1918 3
203 1858 250 1896 1.
294 1853 578 1897 trecentos
608 1859 682 1897 ex
711 1837 1013 1918 Equitibus
1040 1838 1098 1895 in
1129 1840 1300 1899 Sena-

113 1932 240 1976 tum
265 1919 505 2000 allegiffe
530 1940 562 1978 a
589 1919 883 1978 Plutarcho
910 1919 1118 1978 dicitur
1131 1948 1150 1990 3
1197 1920 1222 1960 b
1248 1937 1308 1980 at

116 2001 298 2057 verius
328 2002 443 2075 est,
484 2020 615 2058 eum
648 1999 820 2058 talem
851 2001 1093 2081 aliquam
1123 2000 1313 2082 legem

118 2080 347 2162 quidem
374 2080 553 2139 tuliffe
568 2125 587 2155 ,
602 2078 689 2139 sed
706 2102 824 2139 non
841 2079 1142 2160 pertuliffe.
1172 2082 1313 2141 Vid.

10 2166 16 2270 f
121 2162 320 2242 Sigon.
365 2158 434 2219 de
474 2177 588 2220 ant.
626 2163 737 2241 jur.
768 2162 897 2221 Civ.
926 2163 1110 2222 Rom.
1141 2161 1179 2220 l.
1219 2183 1312 2221 11.

690 2243 738 2300 B
789 2261 819 2299 2
1198 2264 1248 2300 c,
1268 2262 1320 2300 z.

120 2345 146 2380 a
181 2324 278 2370 Liv.
306 2337 374 2370 11.
398 2338 434 2368 c.
461 2336 502 2370 1.
536 2321 664 2368 Dion.
697 2322 800 2368 Hal.
836 2336 879 2368 v.
902 2339 935 2369 c.
962 2323 1030 2370 16⁴
1095 2323 1123 2371 b
1159 2330 1208 2369 In
1235 2323 1323 2384 ejus

174 2387 271 2434 vita
286 2399 328 2446 p.
351 2403 409 2433 m.
432 2385 458 2432 8
466 2401 536 2448 37·
572 2386 645 2449 qui
675 2384 785 2432 locus
809 2399 955 2432 tamen
978 2388 1100 2434 aliter
1122 2387 1320 2448 explicari

178 2449 320 2513 poffit:
354 2462 522 2511 nempe,
556 2464 604 2496 ut
627 2465 679 2496 ex
703 2449 910 2512 equitibus
934 2465 1039 2512 300.
1053 2452 1214 2511 judices
1227 2450 1328 2512 lege-

190 2516 249 2561 rit
279 2514 490 2562 Gracchus
513 2545 527 2566 ,
554 2514 627 2578 qui
651 2510 787 2572 simul
815 2528 909 2559 cum
929 2528 1035 2575 300.
1066 2515 1329 2564 senatoribus

182 2593 320 2627 omnes
361 2578 522 2642 caussas
564 2577 756 2641 judicare
786 2575 953 2641 possent.
