1721 2933
486 107 1097 179 'INDEX

83 213 261 269 Verfis
290 213 476 284 gladiis
500 230 728 283 pugnare
757 218 880 282 quid
916 219 994 270 sit.
1461 233 1570 286 420

85 285 321 352 vespae,
360 287 459 337 five
488 287 827 351 Vespillones
856 290 942 354 qui
974 287 1188 340 fuerint.
1322 300 1441 356 352.
1465 288 1568 354 586

86 354 426 422 Vespafianus
454 355 782 422 Capitolium
811 356 1127 411 instauravit.
1468 376 1567 427 23²·

84 453 194 465 --—
234 442 358 478 cum
389 427 502 477 filio
532 424 802 477 censuram
830 427 992 497 geffit.
1470 430 1572 494 156

85 495 248 548 Vesta
275 495 458 562 Major
494 496 540 547 δι
566 493 776 548 Minor·.
1466 513 1570 566 235

84 592 195 605 -——
229 568 370 618 unde
393 564 546 618 dieta.
1469 568 1573 635 236

86 633 331 688 Vestales
356 637 516 688 etiam
544 633 783 689 lisstorem
810 637 1084 690 habebant.
1467 635 1568 705 348
1598 692 1600 694 .

86 704 378 759 Vestalium
413 722 605 758 munus
632 706 680 758 δι
710 709 957 761 honores.
1445 706 1568 760 ibid.

85 803 195 816 ——-
231 776 540 829 incestarum
568 793 754 842 poena.
1466 789 1572 846 349

90 844 312 911 Vetera,
353 847 454 898 five
486 846 681 899 Samen
713 849 832 901 urbs
864 848 1020 902 unde.
1467 862 1574 914 470

89 914 238 968 Veto
266 917 504 968 solemne
534 917 872 970 interdicendi
902 923 1142 971 verbum.
1500 932 1568 978 70

89 984 346 1039 Veturius
381 988 706 1040 Mamurrius
736 990 988 1042 ancilium
1015 990 1170 1042 faber³
1470 1002 1563 1056 341

90 1054 305 1109 Vexilla
331 1058 462 1109 inter
487 1057 629 1109 dona
656 1060 917 1111 militaria.
1464 1074 1570 1125 492·

88 1123 369 1180 Vexillarii
406 1129 599 1179 milites
637 1131 723 1194 qui
754 1127 896 1180 dieti.
1467 1143 1573 1194 504

91 1196 225 1248 Viae
250 1199 534 1251 castrorum
564 1197 786 1251 direelae
817 1198 864 1251 ἃ
895 1199 1227 1255 transversae.
1463 1209 1571 1264 474

88 1266 229 1318 Viae
256 1270 307 1320 in
339 1270 451 1320 acie
479 1273 678 1333 quales,
1462 1271 1571 1335 464

90 1336 229 1388 Viae
259 1341 310 1391 in
340 1340 718 1404 amphitheatro
757 1339 967 1394 scalaria
994 1338 1172 1394 dietae.
1464 1353 1573 1404 413

90 1406 336 1461 Viatores
367 1412 455 1475 qui
490 1409 701 1463 fuerint.
1408 1411 1414 1419 ’
1470 1422 1573 1474 190

91 1476 311 1531 vibium
335 1478 471 1531 Dea.
801 1523 819 1548 ,
1469 1478 1571 1545 306

91 1547 332 1602 Vicarius
358 1548 609 1603 Praefecti
637 1550 923 1606 Praetorio.
1470 1550 1573 1608 16³

90 1646 199 1658 -—
284 1647 391 1659 -—
457 1649 564 1659 —
641 1619 823 1674 Urbis,
1472 1620 1570 1670 162.

91 1688 355 1742 vicorum
388 1689 649 1758 praefeffi.
1510 1703 1571 1756 13

92 1757 326 1812 Viffima
354 1761 401 1813 &
432 1762 594 1813 hostia
621 1773 678 1813 ut
708 1762 963 1817 differant.
1470 1761 1572 1821 362

91 1829 389 1885 ViStimarii
420 1833 508 1897 qui
536 1832 748 1884 fuerint.
1472 1844 1566 1897 351

92 1898 336 1953 Vieloria
365 1900 574 1954 Romae
602 1905 762 1954 culta.
1469 1912 1571 1966 253

93 1969 417 2024 vieloriatus
447 1988 698 2024 nummus
732 1972 871 2023 idem
897 1972 987 2036 qui
1015 1968 1319 2039 Q'uinarius.
1471 1984 1565 2038 531

91 2040 415 2109 Vigiliarum
443 2044 755 2096 militarium
789 2042 941 2095 ratio,
1067 2064 1073 2070 ·
1467 2051 1572 2108 477

93 2108 240 2163 Villa
272 2114 494 2178 publica.
1503 2110 1574 2174 64

89 2179 293 2234 Villius
324 2181 438 2248 (L.)
475 2182 748 2250 Tappulus
776 2179 955 2234 auCtor
984 2181 1111 2251 legis
1137 2178 1352 2234 annalis,
1505 2176 1571 2229 88

93 2248 456 2305 Vinculorum
484 2271 689 2320 genera.
1474 2263 1573 2300 222

88 2319 338 2374 VindiCta
362 2326 734 2377 manumittere
767 2317 891 2388 quid
921 2318 994 2371 fit.
1474 2332 1569 2383 571

89 2387 300 2444 Vineae
329 2410 457 2458 quae
485 2395 695 2447 fuerint.
1470 2388 1573 2454 461

90 2460 338 2529 Virgines
366 2463 618 2515 Vestales.
1339 2470 1455 2528 237,
1475 2459 1579 2525 346

84 2528 254 2602 Virgo
279 2531 518 2587 Maxima
558 2534 851 2588 Vestalium
879 2527 1222 2587 vetussiffirna.
1472 2524 1575 2594 348

1458 2596 1510 2650 V
1526 2596 1582 2648 iti
