1794 2933
221 141 672 217 ANTIQJITAT.
717 144 995 203 ROMAN.
1144 148 1264 226 147‘

60 238 232 302 mitur
273 259 409 297 cum
454 242 748 300 Senatores
791 241 851 299 in·
893 242 1102 300 Senatu
1145 264 1262 301 cen-

16 307 501 401 vffldicuntur:
547 319 826 397 secundo,
871 320 1152 403 fignificat
1192 329 1262 381 oe’-'

61 405 283 477 ποτιμέἱν
300 445 320 477 ,
347 400 459 459 five
487 401 686 479 censitm
704 421 801 479 pro
844 405 1257 483 cond-itionefitb-

61 485 288 542 ditorum
329 486 582 558 imponere
621 495 673 559 ²,
718 499 783 540 ut
813 504 946 542 cum
976 486 1134 565 regio
1161 485 1260 544 ali-

28 583 172 644 ·qua
215 563 401 640 censprz'
443 563 682 645 dicitur:
729 565 899 622 tertio
945 566 1118 636 etiam
1157 576 1259 626 ex-

12 655 13 660 ’
64 645 380 703 cellentiam
425 644 703 724 quandam
747 660 907 704 notat
936 673 957 716 5
1007 662 1070 704 ut
1111 648 1262 727 apud

71 727 139 787 V
129 730 257 785 aler.
286 727 452 786 Max.
480 748 533 783 v.
565 748 605 784 α.
644 744 692 807 3.
725 748 786 783 ex
822 745 870 805 3.
901 740 1034 784 extr.
1064 729 1266 806 Aristi-

65 806 183 883 des,
200 828 295 886 quo
311 810 471 865 totius
499 808 751 865 Graeciae
769 807 994 883 justitia
1019 808 1265 884 censs’tmss

70 888 283 946 Seneca
309 887 467 966 epist.
485 894 584 965 76.
614 888 928 966 eleganter:
960 889 1031 944 Id
1053 893 1108 945 in
1137 911 1261 967 qno-

68 989 161 1046 que
191 972 439 1045 optimum
466 968 569 1044 est,
613 972 694 1025 cui
719 968 981 1045 nascitur,
1026 975 1120 1046 q'no'
1150 991 1264 1027 cen-

53 1048 222 1126 fitur.
308 1047 508 1128 Media
548 1062 739 1121 autem
782 1048 944 1106 notio
987 1048 1121 1107 huic
1149 1053 1264 1126 rei,

0 1143 1 1146 ’
68 1150 235 1210 quam
264 1129 513 1209 agimus,
559 1131 846 1188 convenjt.
904 1130 1096 1188 Creati
1123 1129 1265 1189 sem-
1319 1173 1321 1176 -

0 1264 3 1269 ,
67 1232 169 1289 per
195 1210 320 1268 sunt
346 1209 465 1268 bini
494 1209 800 1287 Censore3‚
845 1210 905 1268 &
933 1211 1095 1269 initi'o
1138 1213 1264 1291 qui*—

68 1290 198 1350 dem
226 1293 285 1350 in
312 1291 797 1371 quinquennium3
845 1306 902 1350 at
937 1291 1108 1351 A.U.
1132 1309 1265 1371 319.

69 1372 195 1453 lege
222 1371 466 1431 Aemilia
507 1384 741 1431 cautum
771 1373 854 1431 est·
877 1373 935 1448 b,
977 1389 1043 1430 ut
1072 1370 1263 1453 fingu-

8 1462 13 1469 '
70 1454 133 1512 lis
201 1453 432 1534 quidem
516 1454 909 1534 quinquenniis
993 1451 1271 1531 Censores

71 1551 392 1594 crearentur
421 1562 441 1605 5
497 1531 590 1592 sed
633 1535 745 1611 ita,
788 1550 853 1592 ut
895 1533 1141 1614 potestas
1181 1550 1266 1593 ta-

71 1636 205 1675 men
245 1626 445 1673 eomm
488 1628 669 1674 annua
724 1631 947 1673 tantum
995 1615 1055 1673 ὃς
1097 1614 1272 1673 sem‘e-

73 1695 193 1777 stris
206 1696 337 1756 esset
354 1724 374 1768 5
393 1695 549 1776 quod
577 1709 784 1776 nern'p'e
811 1715 983 1777 grave
996 1694 1132 1754 effet
1146 1739 1165 1771 5
1181 1693 1269 1753 iis-

75 1776 205 1835 dem
248 1797 348 1858 per
388 1792 482 1835 tot
522 1789 697 1836 annos
741 1793 946 1858 magna
984 1792 1143 1857 parte
1184 1777 1270 1834 vi-

76 1871 165 1914 tae
193 1857 474 1917 obnoxios
502 1859 708 1927 vivere.
795 1854 1148 1936 Creaba'ntur
1187 1856 1270 1915 fe-

77 1957 137 1994 re
165 1957 237 1994 ex
264 1936 660 2016 spefifatiffi'mis‘
691 1938 1122 2013 Consularib'u'S,
1151 1939 1266 1996 uti-

81 2038 191 2096 que
219 2016 348 2096 post
373 2017 680 2079 secundum
706 2019 921 2078 bellum
948 2020 1228 2078 Punicum
1247 2048 1272 2091 5

84 2098 144 2156 &
172 2098 360 2178 primo
387 2098 616 2178 quidem
643 2100 868 2159 tantum
894 2121 965 2158 ex
993 2101 1269 2180 patriciis:

84 2198 282 2246 verum
324 2180 396 2236 A.
445 2180 526 2237 U.
567 2200 705 2256 402.
750 2182 961 2259 primus
1000 2179 1069 2237 de
1109 2179 1277 2258 plebe

90 2258 306 2317 Censor
334 2258 414 2316 est
443 2275 658 2317 creatus
702 2259 774 2317 C.
806 2260 1059 2318 Marcius
1100 2260 1279 2317 Ruti-

89 2338 173 2397 l‘u's
200 2384 221 2416 ‚
264 2339 414 2398 idem
457 2341 553 2420 qui
593 2340 808 2420 primus
852 2339 922 2398 de
963 2338 1127 2421 plebe
1167 2341 1282 2478 gi*

725 2420 787 2479 K
831 2440 871 2498 4
1214 2424 1284 2479 'a-

94 2545 121 2579 a
154 2531 242 2579 Cic.
261 2541 312 2580 L.
342 2519 411 2582 li.
445 2535 488 2582 in
513 2542 626 2585 Verr.
657 2551 690 2584 c.
714 2537 788 2598 56.
849 2538 879 2583 b
911 2535 1011 2585 Liv.
1051 2551 1119 2586 ιν.
1150 2553 1184 2586 c.
1217 2550 1294 2595 24.

161 2608 213 2646 w·
250 2611 318 2645 nx.
343 2614 379 2646 c.
404 2612 479 2660 33.
