1690 2933
289 89 294 105 ‘
388 82 482 149 ξι
701 77 1285 159 COMPENDIUM

382 199 466 238 ex
506 177 752 250 Romufi
797 178 1148 238 institutione
1188 178 1478 239 distinzstae
1529 184 1589 239 οὲ

393 274 522 319 rant
541 260 710 338 juxta
735 278 941 338 genera
981 260 1283 318 hominum
1322 260 1588 319 distinxe-

391 341 468 398 rit
489 342 656 420 juxta
698 340 827 398 loca
867 339 1258 416 habitationis,
1304 340 1420 399 five·
1446 357 1592 420 quot

390 427 447 478 ἐκ
475 426 571 478 τῶν
605 428 808 496 γενικῶν
839 419 1043 480 fecerit
1066 421 1295 483 τοπικσὶς.
1328 419 1466 481 Vid.
1499 422 1589 480 Si—

384 524 501 582 gon.
546 504 608 561 de
651 516 764 573 emt.
793 503 922 579 jure
949 506 1052 561 civ.
1082 505 1239 563 Rom.
1270 504 1342 562 L.
1379 521 1429 560 1.
1459 523 1500 560 c.
1538 520 1589 582 3.

399 585 651 642 Urbanam
693 581 871 641 tribus
924 581 1155 642 fuerunt
1199 598 1221 624 ³
1263 584 1544 643 Suburana
1569 625 1591 658 ,

395 662 710 740 Esquilina,
756 665 960 720 Collina
1002 663 1064 721 &
1105 665 1367 722 Palatina
1395 684 1427 721 a
1453 661 1594 721 locis

398 743 476 800 ita
503 741 895 801 denominatae
921 741 945 779 ¹³
962 785 982 818 9
1024 743 1084 800 in
1112 763 1244 823 quas
1272 743 1434 802 initio
1464 764 1591 801 om-

399 843 496 881 nes
525 822 826 883 nobiliores
868 822 1126 893 homines
1166 821 1411 899 conje6³d
1449 821 1593 882 sunt.

403 900 516 962 Sed
542 904 637 980 hi,
679 904 978 986 postquam
1024 906 1220 963 Fabius
1264 897 1479 962 Censor
1519 903 1597 962 A.

398 983 484 1043 U.
513 1004 651 1063 450.
696 1005 926 1049 omnem
954 983 1179 1044 turbam
1221 982 1497 1043 forensem
1537 984 1598 1061 in

401 1084 491 1124 eas
519 1065 843 1145 conjecisset
875 1078 932 1141 ⁰,
975 1064 1035 1124 δε
1078 1065 1271 1147 postea
1311 1065 1374 1123 iis
1414 1063 1597 1123 acces-

404 1144 590 1203 fiffent
617 1146 786 1210 etiam
825 1145 1068 1205 libertini
1084 1188 1104 1222 ‚
1145 1146 1207 1204 in
1246 1145 1472 1205 rusticas
1497 1145 1598 1204 tri-

405 1224 510 1283 bus
537 1225 664 1284 sunt
693 1225 851 1294 relati
879 1225 938 1299 ‘¹3
983 1224 1224 1307 ideoque
1264 1223 1601 1308 probrosum
1688 1222 1690 1236 ²

404 1306 514 1376 fuit
556 1329 585 1365 a
628 1305 973 1385 Censoribus
1005 1327 1078 1368 ex
1118 1305 1322 1366 rustica
1346 1306 1502 1366 tribu
1543 1306 1604 1365 in

407 1386 681 1447 urbanam
711 1387 988 1451 transferri
1009 1387 1233 1468 :postea
1258 1408 1395 1448 vero
1427 1388 1499 1446 A.
1517 1385 1601 1445 V.

409 1466 546 1546 584.
605 1466 686 1525 Ti
742 1467 1041 1528 Gracchus
1084 1466 1300 1528 Censor
1356 1487 1551 1528 omnes
1580 1508 1637 1542 ‚·

406 1549 503 1630 qui
547 1548 872 1608 servitutem
913 1547 1214 1608 serviissent
1230 1578 1252 1624 3
1298 1549 1359 1608 &
1402 1547 1604 1628 quibus

404 1629 791 1710 quinquennio
834 1631 1016 1709 major
1061 1628 1208 1690 filius
1235 1674 1255 1706 9
1311 1627 1606 1711 praediave

408 1711 615 1769 rustica
642 1709 814 1790 pluris
858 1709 1146 1769 XXXM.
1195 1710 1484 1771 HS.“‘non
1524 1708 1603 1768 es-

405 1789 558 1866 sent,
574 1791 633 1848 in
659 1811 828 1850 unam
857 1788 1072 1849 tribum
1102 1789 1446 1872 Esquilinam
1463 1811 1603 1850 con-

410 1872 563 1949 jecit.
592 1872 724 1930 Liv.
754 1872 828 1930 L.
859 1891 1005 1932 XLV.
1034 1891 1085 1929 c,
1127 1890 1218 1951 15.
1251 1886 1289 1930 e.
1332 1870 1608 1931 Rusticae
1687 1911 1690 1913 -

400 1943 628 2011 Tribus
654 1951 747 2011 Vel
775 1973 806 2010 a
833 1955 983 2028 locis,
1027 1949 1120 2011 vel
1148 1973 1179 2011 a
1214 1954 1451 2033 gentibus
1479 1950 1608 2010 sunt

407 2031 799 2092 denominatae
828 2060 849 2104 3
907 2053 938 2091 a
980 2035 1100 2093 locis
1128 2074 1149 2107 ,
1205 2048 1273 2104 ut
1318 2035 1556 2092 Romilia
1590 2031 1610 2072 f

416 2115 788 2193 Crustumina,
830 2112 944 2173 &a
987 2135 1019 2172 a
1053 2126 1239 2193 gente,
1280 2128 1347 2172 ut
1389 2115 1566 2251 FabZ
1587 2155 1609 2188 ‚

1557 2215 1610 2251 0-

420 2287 447 2322 a
478 2272 573 2320 Vid.
599 2291 712 2321 omn.
740 2275 873 2336 Sigon.
905 2287 1002 2322 ant.
1029 2275 1118 2337 jur.
1149 2274 1233 2326 civ.
1253 2280 1369 2321 Rom.
1391 2272 1420 2320 l.
1450 2287 1486 2320 1.
1510 2289 1544 2320 c.
1566 2287 1618 2335 3.

487 2336 516 2384 b
551 2345 598 2385 V.
620 2345 704 2389 On.
740 2337 930 2387 Panvin.
961 2338 1009 2385 de
1040 2339 1158 2385 civit.
1190 2346 1310 2385 Rom.
1340 2354 1373 2384 c.
1406 2335 1480 2396 48.
1516 2335 1619 2384 edit.

492 2405 655 2449 Graev.
705 2415 731 2448 c
762 2401 861 2448 Liv.
886 2417 958 2451 lx.
975 2401 1051 2460 46.
1114 2401 1143 2448 d
1160 2401 1253 2450 Vid.
1273 2407 1320 2448 A
1322 2402 1428 2461 scon.
1447 2400 1507 2447 ad
1524 2399 1616 2447 Cic.

489 2475 562 2528 pro
584 2465 686 2512 Mil.
707 2481 741 2514 c.
775 2478 851 2527 37.
880 2465 992 2528 Epit.
1023 2465 1121 2513 Liv.
1145 2480 1222 2514 xx.
1279 2480 1306 2514 e
1336 2463 1450 2513 Plin.
1472 2472 1532 2513 H.
1554 2469 1616 2514 Ν.

497 2543 672 2583 xvnx.
694 2545 730 2581 c.
756 2542 801 2593 3.
869 2530 896 2580 f
920 2535 1045 2582 Varr.
1066 2529 1115 2580 de
1134 2536 1183 2597 ζ..
1209 2536 1262 2582 L.
1289 2543 1361 2582 IV.
1383 2544 1418 2581 c.
1439 2542 1492 2590 9!
