1794 2933
463 135 585 218 '408
811 131 1389 195 COMPENDIUM

461 255 600 315 ergo
628 234 854 292 Romae
895 232 1143 312 primum
1170 229 1413 307 publice
1440 228 1650 312 gladia-

468 332 615 373 tores
641 312 764 371 sunt
791 312 904 371 dati
931 333 963 372 a
1002 314 1191 372 Brutis
1218 311 1490 388 fratribus
1519 321 1541 348 ²
1570 312 1643 370 A.

463 394 547 454 U.
588 412 724 471 490.
782 393 839 451 in
878 392 1073 452 funere
1127 392 1294 472 patris
1333 389 1410 449 sui
1454 391 1478 429 b
1505 434 1526 465 ,
1582 391 1644 455 ,δε

462 471 636 553 prisca
664 472 891 552 quidem
919 472 1241 553 Republica
1268 492 1416 546 non,
1459 470 1560 530 nifi
1587 471 1645 530 in

462 551 745 612 funeribus
774 553 1067 612 illustrium
1096 555 1345 612 virorum
1362 580 1381 623 3
1400 551 1490 610 sed
1504 572 1644 610 mox

465 653 690 714 quoque
730 635 788 692 in
829 634 1176 714 privatorum
1211 645 1232 672 ⁶
1255 677 1274 709 ,
1320 632 1380 691 ὅζ
1407 632 1646 711 denique

463 713 633 771 etiam
663 715 720 772 in
750 715 1047 773 mulierum
1078 713 1363 773 funeribus
1400 713 1524 771 sunt
1551 711 1647 770 da-

466 795 515 872 ti
538 793 592 854 d:
638 793 893 874 processu
919 816 1054 853 vero
1094 795 1363 874 temporis
1388 793 1649 873 volupta-

468 875 535 933 tis
561 890 805 950 tantum,
836 876 897 934 ὃς
922 875 1128 953 Populi
1156 876 1392 956 gratiam
1420 888 1654 953 captan-

467 955 526 1013 di
555 954 732 1014 caussa
758 951 1088 1035 gladiatores
1117 956 1232 1015 dari
1274 976 1378 1014 coe
1422 969 1585 1013 erunt
1617 966 1655 1011 Ε.

472 1035 771 1095 Dabantur
798 1052 984 1094 autem
1012 1057 1042 1094 a
1069 976 1493 1117 Magistratibus
1524 1078 1544 1110 ‚
1585 1051 1652 1093 ut

470 1117 655 1194 primo
699 1115 767 1174 ab
810 1116 1098 1175 Aedilibus
1125 1115 1142 1154 f
1163 1161 1183 1193 9
1224 1116 1294 1174 ad
1341 1137 1480 1197 quos
1521 1136 1656 1194 pro·
1710 1149 1713 1151 ·

516 1197 593 1257 tie
622 1195 888 1255 ludorum
931 1217 1063 1255 cura
1101 1196 1416 1278 speetabatg,
1458 1213 1581 1255 tum
1622 1217 1656 1255 a

471 1217 830 1335 I[J'raetoribus
859 1290 917 1353 g,
960 1277 1020 1336 δε
1045 1297 1118 1336 ex
1143 1277 1400 1337 instituto
1431 1275 1654 1336 Claudii

478 1379 510 1417 a
538 1355 942 1429 Qaestoribus
969 1361 993 1399 h
1016 1385 1035 1428 3
1083 1379 1113 1416 a
1141 1356 1475 1418 Consulibus
1504 1358 1549 1433 ἱ,
1595 1357 1657 1417 δι’.

482 1459 514 1497 a
558 1436 949 1496 Sacerdotibus
990 1438 1284 1518 aliquando
1311 1481 1331 1514 ‚
1397 1454 1463 1497 ut
1503 1436 1659 1498 vide-

477 1536 571 1576 tur
601 1517 628 1554 ¹<
642 1559 662 1590 ,
705 1515 795 1575 sed
822 1519 990 1576 rarius
1020 1518 1132 1576 dati
1159 1518 1301 1577 sunt.
1360 1519 1559 1578 Postea
1585 1538 1658 1578 ex

477 1598 732 1656 instituto
759 1599 1058 1657 Alexandri
1087 1601 1273 1672 Severi
1298 1599 1659 1678 Imperatoris

476 1679 696 1738 Arcarii
728 1697 822 1736 eos
859 1677 1130 1738 dederunt
1171 1699 1242 1738 ex
1282 1700 1408 1738 arca
1451 1678 1567 1737 fisci
1596 1679 1609 1716 ¹
1634 1705 1657 1750 3

477 1758 717 1837 denique
760 1758 1130 1838 Imperatores
1161 1802 1179 1834 ‚
1226 1759 1286 1817 &
1326 1779 1441 1817 uno
1483 1758 1660 1818 verbo

481 1858 694 1914 omnm,
729 1839 824 1918 qui
852 1841 1087 1921 gratiam
1105 1838 1309 1918 Populi
1343 1838 1659 1919 captabant.

1589 1921 1659 2000 In

487 2079 512 2112 a
544 2063 634 2111 Val.
661 2071 792 2110 Max.
819 2078 888 2111 11.
913 2081 945 2112 c.
964 2079 1007 2121 4.
1034 2080 1077 2111 n.
1101 2077 1142 2122 7.
1236 2065 1264 2114 b
1297 2066 1427 2128 Quod
1440 2062 1664 2126 turpiffima

557 2127 814 2189 ἂνιςορησὶᾳ
843 2129 901 2175 ad
937 2128 1059 2174 Bruti
1094 2127 1220 2188 primi
1249 2131 1374 2190 Confi
1406 2127 1508 2185 filios
1540 2129 1667 2180 refert

551 2195 739 2254 Kippae‘ng.
807 2205 832 2238 c
865 2193 953 2239 Vid.
975 2199 1121 2238 Horat.
1146 2198 1277 2239 Serm.
1302 2206 1372 2239 11.
1397 2205 1495 2239 111.
1515 2188 1669 2249 vfi815.

554 2256 581 2302 d
616 2263 725 2301 Suet.
751 2255 848 2314 Juz.
869 2272 901 2302 c.
926 2258 999 2303 26.
1066 2269 1091 2301 e
1114 2255 1201 2301 Cic.
1216 2267 1288 2316 pro
1310 2262 1432 2300 Mur.
1451 2269 1484 2299 c.
1502 2253 1575 2300 18.
1591 2254 1668 2313 36.

549 2335 635 2371 eyc-
708 2319 730 2365 f
759 2319 862 2367 Ibid.
884 2335 916 2365 c.
935 2333 1003 2364 10.
1025 2333 1079 2370 (ρ’
1093 2315 1236 2380 paffim
1262 2320 1458 2364 aub't‘ores.
1520 2329 1549 2376 g
1571 2317 1667 2375 Ju-

485 2429 493 2440 ,
552 2399 651 2428 ven.
678 2397 815 2430 v111.
849 2387 917 2443 vs.
943 2395 1044 2443 143.
1137 2381 1169 2427 h
1199 2388 1312 2427 Suet.
1343 2380 1497 2426 Claud.
1531 2396 1566 2426 c.
1593 2394 1668 2436 24.

551 2446 569 2492 i
602 2447 663 2492 Id.
690 2453 794 2492 Ner.
818 2460 849 2490 c.
872 2459 915 2503 4.
976 2444 1007 2491 k
1038 2444 1100 2490 Id·
1126 2450 1238 2504 Aug.
1258 2460 1291 2488 c.
1312 2457 1386 2500 44.
1410 2443 1520 2489 Ptin.
1541 2443 1668 2502 Epist.

550 2523 607 2556 VI
622 2524 659 2556 1.
690 2510 781 2555 licet
801 2507 865 2554 illi
882 2509 995 2566 fhrte
1022 2507 1069 2554 de
1090 2504 1345 2566 Cireenfibus
1367 2541 1380 2560 ,
1412 2506 1485 2553 vel
1510 2504 1672 2567 scenicis

548 2571 657 2621 ludis
675 2572 921 2636 loquantur.
981 2569 997 2619 l
1028 2577 1201 2635 Lampr.
1219 2586 1305 2632 ejus
1334 2569 1431 2620 vita
1455 2586 1490 2626 c.
1512 2584 1587 2634 433
