1794 2933
351 117 364 140 ·
462 123 549 179 62-
774 107 1354 172 COMPENDIUM

458 215 574 275 riae
599 224 941 272 vocarentur
972 219 1010 266 ².
1094 212 1291 270 Altera
1330 207 1488 270 causa
1525 208 1663 290 fuitff'

462 311 532 356 ut
573 292 921 355 tributorum
963 310 1133 349 onera
1183 289 1431 351 maxime
1470 293 1531 351 in
1570 293 1655 352 di-

462 375 699 436 tiffimos
725 371 1128 433 inclinarentur
1139 415 1160 448 ,
1204 372 1228 412 ¹²
1256 387 1390 432 cum
1405 394 1522 432 non
1535 395 1654 435 am-

464 458 612 539 plius
651 475 753 534 per
793 453 1010 533 capita,
1051 451 1142 513 sed
1168 474 1276 535 pro
1291 455 1507 514 ratione
1521 476 1656 515 cen-2

465 538 551 598 sus
582 535 862 597 tributum
892 534 1248 615 penderetur.
1333 535 1515 596 Tertia
1555 536 1656 596 de-

466 621 638 700 nique
681 614 838 675 causa
878 616 988 674 fuit
1015 659 1036 692 ‚
1077 631 1144 674 ut
1184 616 1416 676 militiae
1455 635 1657 700 geren-

464 700 567 759 dae
607 718 748 757 onus
774 698 834 755 in
863 696 1084 756 eosdem
1098 696 1441 757 derivaretur
1455 727 1477 771 3
1522 720 1659 759 cum

471 780 626 840 enim
653 778 945 859 pauciores
986 778 1158 837 essent
1185 778 1467 855 ditisfimi‚
1512 780 1574 839 ὃς
1600 783 1658 841 in

470 862 658 944 plures
685 860 961 919 centurias
999 859 1157 918 divifi
1172 904 1192 936 ,
1236 858 1355 933 fine·
1389 861 1505 919 ulla
1543 861 1660 921 fere

463 940 868 1002 intermistione
895 940 1228 1017 militabantff
1286 940 1463 1001 Unde
1489 944 1658 1003 etiam

467 1022 644 1104 Resp.
675 1021 1023 1081 fidelioribus
1051 1020 1324 1081 militibus
1353 1022 1658 1096 utebatur3

469 1120 606 1164 cum
648 1104 920 1162 ditiorum
962 1106 1140 1186 magis
1177 1102 1394 1163 interfit
1439 1105 1658 1186 Remp.

467 1185 672 1246 salvam
726 1183 850 1243 effe.
933 1187 1128 1266 Atque
1170 1187 1249 1244 ita
1301 1185 1438 1244 licet
1478 1187 1663 1246 omnis

465 1268 527 1327 in
552 1263 880 1348 Republica
905 1265 1149 1346 potestas
1176 1287 1368 1326 revera
1391 1286 1560 1347 penes
1575 1266 1662 1325 di-

466 1350 640 1408 tiores
667 1356 892 1409 tantum
921 1346 1088 1423 effet,
1130 1361 1151 1387 ⁰
1181 1368 1301 1407 non
1326 1361 1519 1416 tamen
1545 1347 1664 1408 hoc

470 1430 664 1510 inique
691 1427 946 1487 ferebant
987 1449 1262 1510 pauperes
1288 1473 1309 1505 ,
1353 1448 1490 1487 cum
1518 1427 1664 1489 divi-

472 1527 557 1571 tes
600 1509 765 1569 fimul
807 1509 998 1568 omnia
1038 1509 1154 1570 fere
1211 1531 1383 1569 onera
1434 1509 1665 1570 sustine-

472 1607 601 1652 rent
632 1615 644 1651 :
705 1590 768 1650 &
810 1611 945 1650 cum
985 1607 1269 1670 praeterea
1307 1593 1668 1672 pauperiores

471 1694 703 1757 quoque
727 1673 939 1732 viritim
967 1673 1027 1730 in
1052 1670 1155 1731 suis
1183 1674 1416 1754 quisque
1442 1673 1668 1732 Centu-i

468 1757 561 1817 riis
601 1755 893 1815 sententias
945 1769 1278 1834 rogarentur
1301 1796 1322 1830 ,
1379 1774 1575 1814 omnes
1614 1753 1672 1814 se

471 1837 593 1918 pari
627 1838 756 1917 jure
792 1833 1243 1916 Rempublicam
1285 1833 1668 1896 administrare

472 1915 919 1994 arbitrabantur,
961 1915 987 1955 ἃ
1015 1915 1496 1998 quemadmodum
1553 1918 1669 1977 ima

471 1998 664 2080 plebes
675 1997 832 2079 saepe
845 1996 1047 2058 talibus
1060 1996 1267 2058 artibus
1294 1997 1483 2056 deludi
1497 2013 1665 2058 amat.

471 2081 556 2141 Et
594 2080 734 2139 haec
774 2077 1152 2161 Reipublicae
1191 2079 1340 2160 apud
1367 2080 1670 2147 Romanos

476 2161 812 2221 constitutio
827 2205 848 2239 ‚
889 2160 1157 2242 quamdiu
1183 2159 1296 2242 ipsa
1321 2158 1669 2240 Respublica

477 2241 622 2303 salva
648 2286 670 2319 ‚
726 2242 841 2303 hoc
867 2242 950 2303 est
975 2283 997 2321 ‚-
1038 2241 1210 2303 libera
1250 2241 1360 2301 fuit
1384 2272 1408 2317 ‚-
1448 2241 1530 2300 est
1556 2239 1666 2300 ser-

478 2338 624 2385 vata,

1459 2413 1506 2475 §.
1550 2403 1665 2462 ΙΙΙ,

475 2537 504 2573 a
536 2522 637 2569 salz.
656 2513 705 2570 de
723 2532 821 2583 Καρ.
842 2511 951 2571 ord.
972 2515 1098 2570 Ora't‘.
1127 2515 1197 2569 η’.
1264 2518 1296 2568 b
1329 2519 1395 2575 Id.
1417 2534 1490 2568 1v.
1523 2537 1557 2571 c.
1588 2533 1662 2584 19·

514 2600 541 2636 c
573 2584 682 2652 ibid,
703 2603 739 2637 c.
756 2588 849 2653 seq,
912 2586 945 2639 d
975 2587 1106 2640 Dion.
1129 2583 1237 2657 gal.
1258 2584 1290 2638 l.
1310 2583 1354 2654 d2
1373 2600 1413 2647 σε
1434 2597 1515 2639 21.
