1721 2933
456 127 606 228 '556
858 104 1442 206 comanorum

463 257 558 315 ‘ut
598 264 631 303 a
667 240 948 322 superiore
988 239 1264 302 Africano
1316 241 1688 325 distinguere:

490 339 622 401 tur,
663 343 733 381 eo
761 321 888 381 sunt
912 319 1015 381 ufi.
1059 320 1325 381 Alterum
1352 326 1683 406 exemplum

446 428 447 431 ¹
484 404 759 463 habemus
798 402 858 461 in
900 405 982 486 Q
1024 403 1187 461 Fabio
1226 404 1477 464 Maximo
1505 433 1526 479 5
1584 407 1683 488 qui

482 484 663 543 tribus
702 482 1097 566 agnominibus
1149 483 1484 566 quandoque
1537 485 1682 548 defi-

486 580 723 644 gnatur:
757 566 992 624 Ovicnla
1022 564 1173 640 enim
1201 585 1341 644 puer
1364 562 1698 630 etiamnum*

488 666 521 703 a
574 665 774 704 morum
828 644 1219 723 mansuetudine
1246 672 1268 716 5
1346 647 1413 706 V
1404 651 1685 726 errncoffits

479 724 683 784 deinde
711 747 742 784 a
768 746 1026 801 verruca,
1070 745 1211 804 quae
1237 727 1287 783 ei
1314 726 1372 785 in
1398 726 1678 808 superiore

481 805 631 865 labio
660 821 778 865 erat
804 823 966 866 enata
992 805 1076 865 est
1114 804 1296 865 ἀίδὶυε
1331 818 1383 865 ²:
1429 808 1490 868 δί
1516 808 1675 869 deni-

483 908 596 968 que
640 890 927 947 Cnnfflator
966 885 1276 968 appellatus
1316 886 1462 961 fuit3
1522 891 1677 969 quod

479 967 813 1028 Hannibalis
853 970 1136 1049 impetum
1176 971 1456 1029 conflando
1482 981 1503 1010 ²
1534 1013 1555 1045 ‚
1614 971 1676 1032 &
1710 1027 1711 1030 ,

473 1049 668 1130 praelii
707 1050 882 1109 aleam
926 1047 1160 1109 vitando
1200 1047 1450 1129 fregerit.
1531 1052 1675 1113 Hoc

478 1148 672 1190 tamen
720 1151 920 1190 verum
963 1128 1043 1188 est
1071 1172 1091 1204 ,
1147 1150 1326 1188 nomen
1365 1128 1523 1210 saepe
1565 1135 1671 1192 eti-

477 1233 569 1272 am
598 1232 705 1291 pro
733 1213 1052 1292 cognomine,
1095 1225 1189 1270 aut
1219 1215 1486 1290 agnomine
1515 1211 1672 1274 usur-

518 1314 596 1352 arl
622 1304 665 1352 0.

474 1314 514 1375 p
557 1376 888 1434 Praenomen
915 1374 1031 1449 est,
1077 1393 1192 1453 quo
1219 1370 1444 1449 fratreS,
1487 1390 1584 1433 aut
1611 1376 1672 1453 ii,

477 1454 575 1534 qui
603 1455 729 1514 sunt
755 1453 1001 1535 ejusdam
1029 1453 1302 1529 familiae,
1333 1454 1479 1513 inter
1505 1453 1558 1514 se
1585 1455 1693 1515 di-'

476 1536 870 1616 stinguuntur:
902 1534 1046 1594 ficut
1072 1533 1266 1594 fratres
1290 1535 1520 1594 fuerunt
1547 1538 1669 1596 Pu-

475 1619 644 1692 blius,
689 1616 750 1675 δε
777 1618 976 1675 Lucius
1005 1616 1300 1695 Scipiones
1328 1636 1570 1696 quorum
1599 1617 1668 1690 il-
1692 1651 1697 1654 -

469 1695 525 1756 le
553 1696 888 1773 Africanus,
932 1696 1026 1754 hic
1055 1694 1334 1754 Asiaticus
1360 1695 1442 1755 est
1467 1695 1666 1759 dicstus:

468 1777 658 1858 agnati
715 1778 878 1853 Cajns
926 1776 1108 1853 Julius
1163 1775 1362 1835 Caesar
1402 1775 1671 1841 Dffilator

469 1873 777 1939 perpetuus
803 1902 824 1934 ,
883 1857 944 1918 &
987 1860 1184 1916 Lucius
1230 1855 1414 1930 Julius
1470 1856 1668 1920 Caesar

472 1938 691 1998 Consul
721 1940 794 1997 A.
824 1938 906 1997 U.
936 1936 1078 2007 689.
1162 1937 1301 1996 Erat
1329 1952 1518 1996 autem
1559 1939 1667 1998 ho-

471 2018 778 2078 norificum
808 2018 1050 2098 aliquem
1079 2017 1443 2096 praenomine
1468 2016 1666 2081 salut‘a-

470 2121 531 2159 re
558 2097 584 2137 ἃ
618 2122 633 2159 :
689 2099 839 2158 forte
880 2097 1036 2178 quod
1074 2096 1211 2157 servi
1240 2118 1309 2156 eo
1351 2098 1613 2160 carebant
1641 2128 1666 2173 5

466 2179 735 2265 quodque
762 2179 983 2257 liberti,
1026 2179 1280 2263 quamvis
1320 2199 1666 2319 praenonglen

1531 2282 1563 2321 a
1603 2281 1663 2321 e-

463 2421 491 2456 a
523 2406 642 2454 plut.
673 2409 758 2470 ejus
788 2408 875 2460 vit.
906 2407 1004 2458 init.
1066 2407 1098 2456 b
1129 2406 1292 2454 Ennius
1322 2409 1454 2453 Ann·
1485 2418 1589 2453 xtt.
1609 2414 1666 2456 (ἓν

521 2487 576 2517 ex
605 2489 649 2518 eo
682 2472 790 2533 Virg.
821 2478 1035 2521 Aen.VI.
1069 2473 1136 2532 vs.
1164 2468 1271 2530 845¹.
1291 2467 1392 2532 sqq.
1458 2482 1483 2515 c
1515 2469 1662 2530 Qin-
1719 2513 1721 2519 .

522 2534 778 2664 ῗῐὶᾧίζιέξε.
818 2542 868 2589 L.
904 2550 946 2588 1.
975 2551 1008 2589 c.
1039 2548 1085 2598 4.
1162 2531 1194 2585 d
1225 2540 1380 2584 Horat.
1411 2538 1547 2586 Serm.
1582 2545 1661 2598 Η.
