1794 2933
70 42 180 109 *R

149 122 156 130 ἱ
229 153 678 228 ANTIQUITAT.
718 154 993 214 Roma
1125 148 1251 234 385·

52 268 208 321 voc03
253 251 384 330 quia
411 249 678 310 Pontifex
706 252 967 326 kellawe,
1007 247 1124 308 five
1155 269 1253 306 vo-

53 332 212 390 cando
253 351 460 391 novam
503 332 694 390 lunam
737 331 956 411 populo
1013 329 1251 389 nuncia-

54 409 154 469 bat
180 425 222 469 2.
303 413 384 472 Et
413 412 684 472 Kalendis
714 412 942 490 quidem
976 410 1251 488 Januariis

57 492 354 569 munuscula
369 492 482 552 five
483 494 688 572 strenas
705 492 804 552 fibi
836 492 1081 552 invicem
1111 494 1249 552 mit-

61 570 253 633 tebant
281 617 302 650 ‚
343 591 411 632 ut
440 574 720 655 hodieque
746 572 903 653 saepe
947 572 1069 631 fieri
1110 573 1252 633 affo-

54 652 135 711 let
160 653 202 711 ¹².
288 655 572 715 Omnium
602 671 790 714 autem
823 652 1101 713 menfium
1147 654 1247 714 ka-

57 731 233 793 lendis
247 737 516 816 pecuniae
543 735 761 795 foenori
790 734 950 794 datae
978 737 1131 816 exigi
1159 734 1258 802 so-y,

55 811 287 875 lebant:
347 817 496 877 unde
536 816 677 877 liber
702 861 722 893 ‚
765 817 824 874 in
866 835 981 897 quo
1023 815 1247 876 debito-

58 914 184 956 rum
224 899 456 958 nomina
494 897 878 958 scribebantur
918 940 938 972 ,
992 899 1248 956 kalenda-

57 978 196 1036 rium
222 977 430 1040 dicitur
457 992 498 1040 ⁶.
540 985 735 1040 Nonae
763 976 1045 1038 mensibus
1074 978 1244 1036 Mar-

60 1055 143 1115 tio
169 1101 189 1134 ‚
244 1060 415 1142 Majo
443 1107 463 1137 ,
509 1061 668 1137 Julio
695 1105 716 1136 ,
773 1059 833 1120 &
874 1057 1122 1119 O&obri
1148 1057 1243 1118 sex

57 1135 274 1199 dierum
302 1186 322 1217 ‚
378 1145 599 1224 reliquis
642 1158 885 1223 quatuor
924 1140 1143 1199 dierum
1184 1161 1248 1198 e-

59 1235 183 1279 rant
207 1247 230 1291 3
275 1224 336 1284 &
377 1245 589 1284 nomen
627 1224 851 1284 sortitae
890 1220 1015 1280 sunt
1042 1264 1062 1296 ,
1119 1221 1250 1300 quia

59 1297 127 1356 ad
153 1320 239 1361 eas
265 1304 334 1364 ab
365 1306 559 1366 Idibus
585 1321 737 1365 retro
765 1324 949 1364 novem
991 1305 1100 1361 dies
1139 1322 1247 1359 nu-

57 1381 413 1446 merabantur
439 1388 482 1445 ἃ.
563 1389 691 1446 Idus
730 1384 1097 1466 probabiliter
1139 1386 1249 1442 α’πδ

58 1467 121 1535 τὲ
142 1462 260 1523 ἰδεῖν
286 1511 306 1542 ‚
364 1468 477 1529 five
515 1491 547 1528 a
586 1469 826 1535 videndo,
849 1465 973 1525 sunt
1011 1463 1193 1524 dietae
1221 1494 1247 1539 ς,

57 1544 187 1622 quia
212 1562 337 1608 tum
366 1550 533 1609 Luna
559 1550 723 1628 plene
753 1546 1244 1628 conspiciebatur-2

61 1625 184 1702 vel,
219 1630 387 1708 juxta
417 1630 586 1706 alios,
628 1628 699 1688 ab
728 1630 952 1689 iduando
982 1640 1004 1665 θ
1026 1655 1048 1700 3
1093 1627 1249 1706 quod

60 1708 295 1769 verbum
323 1712 693 1772 Etruicorum
735 1711 926 1790 lingua
966 1706 1250 1788 fignifica-

61 1788 145 1846 vit
170 1792 406 1852 dividere
435 1838 455 1870 ‚
512 1793 640 1873 quia
679 1794 806 1851 Idus
846 1789 1092 1849 mensem
1139 1788 1257 1848 fere

62 1869 313 1931 medium
340 1876 588 1934 dividunt
633 1872 666 1932 f.
730 1870 1018 1931 Kalendae
1046 1871 1106 1928 in
1134 1872 1250 1948 Ju-
1280 1893 1282 1897 ·

63 1955 206 2010 nonis
234 1957 396 2032 (quae
420 1955 549 2015 inde
577 1955 724 2032 Juno
766 1952 1087 2013 Kalendaris
1115 1964 1140 2003 ἔ
1166 1950 1251 2010 est

38 2027 262 2104 dista)
319 2035 451 2094 Idus
491 2036 550 2094 in
580 2036 748 2111 Jovis
788 2033 964 2093 tutela
1004 2048 1162 2091 erant
1207 2032 1249 2089 ¹¹.

55 2110 245 2177 ,Ratio
274 2113 513 2198 denique
538 2115 651 2175 dies
667 2135 826 2174 more
839 2116 1112 2174 Romano
1142 2132 1248 2171 nu-

575 2196 677 2257 Bb
727 2215 754 2277 3
1135 2212 1255 2252 me·

69 2366 99 2401 a
133 2359 254 2404 Varr.
278 2358 610 2420 deL.L.V.c.4.
672 2358 702 2407 b
736 2351 1127 2413 ovid-Fast·1·vfi
1148 2350 1254 2413 ¹85·

124 2419 222 2481 ssqq.
241 2425 461 2487 Suet.Caj,
482 2441 516 2473 c.
528 2439 604 2480 42.
666 2438 693 2471 c
725 2423 817 2470 Vid.
833 2417 1249 2467 Celeberr.Noodt.de

131 2482 284 2532 soenore
296 2493 354 2536 11.
371 2503 411 2536 1.
472 2487 502 2536 d
538 2495 671 2535 Varro
690 2487 721 2533 l.
740 2487 781 2533 d.
843 2498 870 2529 e
904 2481 1092 2528 Macwb·
1108 2487 1198 2528 ΒΜ·
1216 2492 1261 2527 ῐ·

134 2544 162 2590 f
191 2553 342 2598 Horat.
366 2550 450 2598 od.
477 2566 552 2600 tv.
581 2567 642 2599 xx.
661 2551 726 2606 vs.
755 2564 824 2608 ις.
889 2558 918 2605 g
952 2543 1142 2595 macrob.
1181 2551 1259 2591 Sa·

134 2620 254 2661 turn.
279 2627 342 2664 11.
359 2630 396 2666 c.
421 2628 490 2678 ις.
551 2616 582 2665 h
616 2613 749 2663 ovid.
772 2608 885 2671 Fast-
911 2623 950 2658 1·
973 2608 1038 2657 vs.
1059 2622 1133 2669 55·
