1794 2933
225 132 675 206 ANTIQUITAT.
716 132 992 192 ROMAN.
1126 150 1243 203 τις

48 243 362 308 coeperunt
391 240 432 286 ².
517 228 705 308 Agros
731 226 972 306 denique
1000 271 1022 304 ,
1065 227 1244 290 veffi-

52 307 197 390 galia
227 308 252 347 δ
274 351 295 384 ‚
351 310 614 389 pecunias
654 307 906 388 publicas
932 353 952 386 ,
1008 311 1242 389 provin-

52 389 162 447 cias
189 389 250 448 &
276 391 508 471 imperia
531 402 551 427 0
588 388 938 470 magistratus
953 388 1238 469 quibusvis

53 489 162 550 pro
204 468 387 529 lubitu
429 470 634 528 dabant
662 514 681 545 ‚
739 470 829 528 vel
869 469 1188 530 adimebant
1216 501 1240 545 3

53 570 194 629 quae
221 553 411 610 omnia
441 550 652 610 fiebant
682 565 985 631 praetextu
1000 551 1242 615 tuendae

54 628 321 690 libertatis
351 656 362 691 :
408 647 463 691 at
505 653 575 691 ue
615 632 694 689 ita
720 675 739 706 ‚
784 630 923 690 dum
1007 634 1244 694 otestate

45 710 204 792 justis
245 713 316 771 de
356 654 529 772 Cauiis
572 713 820 793 primum
862 715 925 771 iis
952 654 1080 773 gata
1107 713 1244 774 abu-

51 805 251 850 tuntur
288 837 308 869 ,
379 795 749 852 maximarum
807 792 866 851 in
921 795 1249 875 Republica

52 872 344 932 turbarum
372 873 529 955 saepe
542 872 793 931 austores
806 872 1035 933 fuerunt
1055 898 1066 934 :
1085 878 1242 957 quod

44 956 166 1034 jam
196 957 479 1036 quaeritur
507 954 714 1014 Cicero
758 951 828 1012 de
868 956 994 1014 LL.
1023 959 1059 1014 l.
1102 976 1122 1015 1
1143 977 1164 1017 1
1184 978 1235 1019 1.

0 1097 3 1115 Ι
53 1057 94 1094 c.
126 1057 182 1105 9.

0 1127 2 1144 ²
132 1127 176 1187 §.
223 1116 332 1178 IV.
361 1119 443 1178 At
457 1118 704 1180 L.Su11a
730 1119 1092 1201 optimatium
1111 1142 1245 1202 par--

51 1197 198 1258 tibus
237 1198 484 1259 addicffiis
523 1246 543 1277 ‚
614 1222 747 1260 cum
788 1200 1240 1282 Rempublicam-

47 1281 209 1338 armis
237 1280 578 1360 oppreffiffet
605 1326 624 1357 ,
669 1302 868 1340 eorum
896 1281 1240 1362 potestatem.

47 1361 207 1420 valde
233 1363 438 1420 minuit
466 1406 487 1438 ‚
518 1364 542 1401 d
569 1365 688 1421 imo
714 1363 831 1422 fere
859 1361 1076 1422 sustulit
1108 1377 1129 1402 θ
1155 1365 1236 1424 le-

48 1459 123 1521 ge
161 1441 268 1500 lata
310 1448 381 1501 A.
429 1447 508 1502 U.
553 1453 687 1518 672.
747 1466 808 1502 ne
849 1448 938 1521 qui
980 1443 1240 1504 Tribunus

36 1525 203 1598 plebis
217 1522 404 1602 fmffet
430 1569 450 1601 ,
494 1529 657 1590 alium
684 1526 911 1600 deinceps
937 1527 1235 1604 Magistra-

47 1614 162 1660 tum
189 1620 389 1681 caperet
417 1635 436 1677 3
482 1627 611 1664 neve
652 1608 717 1664 iis
744 1606 840 1682 jus
882 1607 1001 1681 effet
1043 1610 1236 1666 concio-

47 1686 250 1759 nandi,
293 1692 383 1746 vel
420 1691 549 1766 leges
573 1686 831 1764 ferendi3
878 1707 1008 1744 neve
1045 1689 1122 1744 ad
1156 1707 1243 1747 eos·

35 1780 413 1839 provocaretur
442 1789 461 1826 .·
501 1768 592 1826 sed
618 1766 789 1826 solam
820 1767 881 1825 ὃ(
909 1766 1118 1825 nudam
1146 1771 1230 1825 in-

46 1847 378 1918 terceffionem
417 1847 544 1928 i'pfis
597 1849 822 1928 reliquit
863 1849 895 1905 f.
1006 1847 1230 1908 Verum

51 1925 126 1981 A.
167 1924 247 1982 U.
289 1935 425 2006 679.
471 1932 629 1987 Cotta
674 1927 889 1987 Consul
920 1930 1012 2010 jus
1051 1930 1234 2010 magi-

49 2002 246 2066 stratus
274 2008 525 2086 capiendi
566 2010 627 2068 iis
667 2009 909 2068 restituit
937 2022 960 2060 ἕ
987 2039 1008 2082 3
1056 2010 1116 2069 ὃς
1145 2031 1232 2068 re-

49 2084 199 2166 liqua
228 2091 418 2146 omnia
445 2091 518 2147 A.
536 2088 704 2150 U.68
720 2109 768 2170 3.
791 2092 1067 2168 Pompejus
1093 2092 1232 2151 Ma-

606 2169 635 2228 I
685 2189 711 2250 3
1108 2192 1242 2250 gnus

52 2295 80 2328 a
113 2283 154 2334 §.
176 2297 220 2337 4.
245 2283 380 2340 Instit.
413 2285 462 2332 de
486 2285 576 2344 jur.
613 2292 672 2332 N.
707 2289 762 2330 G.
795 2297 846 2334 ω’
883 2289 937 2328 C.
1032 2281 1061 2329 b
1106 2282 1240 2328 Tacit.

112 2353 393 2396 Anaxux.
417 2366 451 2395 c.
482 2364 555 2410 50.
656 2363 681 2396 c
718 2348 807 2394 Vid.
829 2355 940 2392 Suet.
967 2347 1063 2407 Jul.
1101 2361 1137 2391 c.
1170 2360 1244 2392 11.

13 2439 16 2442 -
113 2412 362 2466 22‚26,28.
438 2412 469 2460 d
505 2414 630 2459 Dion.
646 2414 883 2458 Halic.v.c.
899 2412 977 2458 ult.
1072 2424 1098 2455 e
1133 2415 1247 2469 App.

113 2472 242 2528 Alex.
272 2478 375 2522 Civ.
407 2482 456 2521 L.
502 2491 574 2524 11.
607 2488 648 2537 p.
672 2492 779 2535 445.
878 2475 901 2522 f
930 2474 1043 2534 Epir.
1069 2474 1242 2519 Livian.

117 2532 193 2592 89.
215 2539 368 2600 Caesar
396 2541 499 2586 civ.
533 2555 571 2589 1.
600 2556 636 2590 c.
665 2556 706 2601 5.
734 2555 786 2591 ω’
811 2553 855 2597 7·
951 2551 980 2599 g
1013 2538 1166 2598 Ascm.
1188 2536 1249 2583 ad

114 2604 194 2647 Or.
210 2611 286 2665 pso
302 2610 434 2653 Corn.
463 2618 504 2654 1.
