1794 2933
224 182 680 258 ANTIQHTAT.
724 177 1007 243 Remum
1132 158 1261 266 247

55 298 181 344 ture
209 279 271 340 δε
311 282 446 341 vino
488 308 511 352 3
571 278 699 361 quia
739 275 951 339 scilicet
994 299 1115 341 non
1156 280 1263 342 de·

50 363 218 424 cebat
247 364 434 424 Deam
463 359 816 443 generationi
845 359 1260 444 praefidentem

53 444 213 505 caeso
230 443 451 504 animali
483 443 720 523 placare.
753 441 1070 503 Colebatur
1096 466 1259 528 prae-

53 529 223 609 cipue
249 547 281 585 a
319 525 602 605 Romanis
629 571 649 604 ,
709 525 839 604 quia
880 532 1058 606 genus
1097 526 1262 589 suum

54 631 157 691 per
186 610 439 668 Aeneam
467 606 536 666 ab
565 629 629 668 ea
657 605 1016 666 deducebant
1050 619 1070 645 ²
1084 637 1105 681 3
1152 630 1262 670 un-

58 690 130 749 de
154 690 248 749 ille
273 688 431 770 saepe
459 689 608 770 apud
638 687 967 769 Virgilurn‚
1011 690 1262 771 aliosque

55 774 187 833 Dea
232 786 388 831 natus
442 787 682 830 vocatur
710 770 735 809 ¹²
767 793 779 829 t
855 770 915 830 &
959 788 1262 852 propterea

52 853 236 931 Julius
282 850 482 912 Caesar
523 852 807 934 templum
854 854 1080 912 Veneris
1114 858 1264 934 geni-

60 938 207 994 tricis
232 947 253 973 0
317 936 547 994 Romae
587 934 884 994 exstruxit.
971 933 1112 993 Aliis
1156 935 1263 994 eti-

62 1037 154 1074 am
211 1014 650 1097 cognominibus
705 1017 962 1077 Romani
1005 1036 1127 1075 eam
1168 1037 1267 1076 ve-

63 1097 435 1173 nerabantur,
478 1115 543 1157 ut
573 1100 796 1157 Veneris
825 1101 1087 1173 Erycinae
1119 1097 1142 1136 ‘¹
1187 1098 1266 1157 ita

61 1177 243 1237 dificae
276 1179 345 1237 ab
389 1182 556 1255 Eryce
587 1180 809 1240 Siciliae
837 1195 1038 1239 monte
1075 1191 1133 1255 θ,
1167 1178 1268 1239 ubi

69 1263 287 1320 Aeneas
313 1261 364 1319 ei
393 1261 676 1341 templum
707 1261 1075 1320 exstruxerat.
1135 1264 1267 1319 Clu-

67 1345 220 1401 acina
273 1358 477 1401 vocata
528 1342 610 1401 est
663 1342 732 1401 ab
786 1345 1020 1423 antiquo
1072 1341 1266 1409 {verbo

67 1427 232 1483 cluere
267 1420 318 1498 f,
363 1424 476 1483 hoc
518 1423 633 1502 est,
675 1443 898 1503 purgare
912 1452 931 1495 3
978 1425 1108 1503 quia
1148 1426 1269 1504 ejus

70 1504 352 1584 templum
382 1527 452 1564 eo
480 1504 613 1564 loco
659 1506 933 1565 Paucum]
972 1521 1126 1582 erat,
1169 1503 1270 1563 ubi

68 1587 325 1645 Romani
368 1588 428 1646 Sc
486 1586 676 1646 Sabini
715 1585 911 1668 pofitis
953 1587 1117 1645 armis
1157 1586 1210 1666 se
1236 1607 1270 1645 a

43 1676 50 1692 '
113 1667 225 1725 ello
254 1684 624 1746 pmgawemnt
652 1714 672 1745 9
731 1668 792 1727 δί
834 1668 1179 1727 reconciliati
1211 1688 1272 1726 e·
1344 1698 1400 1746 q,
1433 1718 1438 1724 .
1472 1728 1478 1733 ,

73 1764 214 1807 rant.
297 1752 543 1827 Libzsljina
573 1763 599 1802 ε
642 1752 840 1810 Venus
870 1748 1180 1808 vocabatur
1208 1751 1269 1824 ¹¹,
1313 1756 1390 1797 Cu
1416 1766 1472 1780 Ν
1499 1751 1513 1758 ”

73 1828 134 1886 in
175 1825 332 1909 cujus
386 1823 606 1910 temfsso
646 1852 718 1891 ex
772 1830 1032 1891 instituto
1091 1831 1272 1890 Servii
1362 1830 1368 1841 '

76 1909 259 1968 Tullii
312 1912 493 1993 Regis
534 1912 546 1949 ἱ
588 1935 694 1993 pro
750 1911 979 1993 singulis
1033 1913 1274 1972 mortuis

79 1987 326 2071 singulus
354 2013 620 2054 nummus
646 1993 963 2053 solvebatur
978 2022 997 2065 3
1034 1999 1272 2075 (quem-

73 2070 388 2130 admodum
416 2075 476 2131 in
503 2076 725 2156 templo
749 2075 992 2151 Junonis
1018 2075 1278 2133 Lucinae

72 2173 188 2232 pro
229 2154 369 2212 natis
395 2197 415 2229 ‚
486 2156 547 2215 &
586 2157 645 2214 in
686 2157 907 2236 templo
970 2157 1281 2232 Juventutis

1172 2256 1279 2317 Pro

80 2351 108 2386 ι
140 2343 303 2384 Lucret.
329 2339 410 2400 ipso
434 2341 529 2388 init.
659 2339 689 2388 b
723 2338 834 2400 Virg.
873 2343 989 2385 Aen:
1018 2350 1064 2380 v-
1084 2338 1276 2399 vfi710.

145 2413 173 2446 e
202 2408 312 2449 sust.
341 2403 446 2461 Jul.
467 2421 498 2450 c.
523 2404 599 2452 61.
730 2403 761 2452 d
803 2411 958 2450 Horat.
993 2400 1074 2449 ΟΔ,
1108 2416 1143 2448 1.
1168 2416 1212 2447 2.
1232 2415 1281 2450 v,

152 2477 228 2524 33·
350 2481 378 2513 e
421 2469 530 2530 Virg.
553 2469 580 2516 l.
602 2469 642 2515 d.
669 2469 734 2528 vs.
759 2469 867 2525 760.
1006 2467 1032 2512 f
1077 2464 1187 2511 Plin-
1218 2472 1279 2511 Η.

151 2533 214 2573 Ν.
247 2543 325 2575 xv.
346 2547 379 2576 c.
403 2545 478 2591 29.
608 2547 637 2594 g
668 2540 820 2578 Horat.
860 2538 988 2576 serm.
1021 2543 1092 2581 11.
1114 2543 1190 2576 v1.
1211 2527 1279 2587 vs}

154 2603 226 2648 19.
319 2593 352 2640 h
384 2596 473 2645 Vid.
509 2595 624 2643 plut.
647 2603 800 2644 Numa
814 2606 859 2658 p.
884 2610 946 2642 m.
971 2593 1048 2651 67.
1145 2593 1162 2642 i
1194 2593 1279 2641 Di-

150 2669 217 2702 on.
253 2656 391 2706 Halia.
428 2673 502 2709 ιν.
524 2676 557 2707 c.
586 2675 656 2720 15.
