1721 2933
303 141 664 218 ANTIQJIT.
690 140 967 203 ROMAN.
1138 161 1257 228 573

53 233 265 319 scriptis
308 237 604 314 inclaruit,
647 253 714 297 ut
754 257 827 298 ex
869 236 1063 298 Gellio
1095 280 1116 314 ‚
1160 239 1246 296 A-

44 315 243 378 sconio
271 317 334 378 &
361 318 474 378 aliis
505 317 801 392 discimus)
835 320 1152 395 Eutychides
1180 317 1243 377 T.

56 400 274 459 Caecilii
300 403 479 458 Attici
501 398 734 458 libertus
762 398 822 457 T.
841 401 1096 465 Caecilius
1123 401 1245 458 Eu-

52 480 279 555 tychides
313 491 352 537 ².
437 479 601 540 Idem
627 494 816 539 autem
858 479 1038 541 homo
1081 483 1240 542 liber-

55 572 141 620 tus
165 559 460 621 dicebatur
486 559 736 641 respectu
764 562 987 641 patroni
1014 560 1129 633 sui3
1174 563 1245 622 li-

53 641 285 702 bertinus
324 641 575 721 respectu
615 640 855 701 aliorum
884 640 926 700 ¹².
1010 645 1134 728 Qi
1171 644 1246 703 ci-

30 725 286 783 ·vitatem
368 726 665 782 Romanam
746 722 1175 802 consequebantur
1227 732 1250 761 ‘²

55 821 290 881 eorum,
334 825 577 885 quorum
608 801 925 879 beneficio,
968 804 1059 864 vel
1086 802 1250 863 auxi-

55 881 137 943 lio
164 886 223 944 in
250 886 539 946 civitatem
567 899 868 961 venerant,
906 904 1251 964 praenomen

58 965 122 1024 &
163 987 375 1026 nomen
428 965 771 1027 assumebant
798 964 822 1003 ‘³
849 994 871 1039 3
928 965 1253 1025 nominibus

57 1043 162 1106 suis
202 1047 445 1128 pristinis
484 1068 620 1107 vero
661 1069 767 1127 pro
811 1046 1253 1128 cognominibus

49 1129 398 1205 utebantur,
441 1143 507 1188 ut
548 1132 611 1188 C.
642 1130 892 1189 Valerius
921 1131 1189 1188 Caburrus
1215 1149 1249 1190 a

62 1211 126 1267 C.
157 1212 374 1271 Valerio
415 1213 596 1270 Flacco
637 1210 866 1269 civitate
906 1208 1144 1269 donatus
1176 1222 1198 1248 ⁶
1224 1235 1249 1280 3

60 1293 139 1349 A.
193 1294 451 1350 Lutatius
502 1292 773 1351 Diodorus
836 1290 1119 1351 beneficio
1174 1293 1254 1350 A.

61 1372 282 1430 Lutatii
324 1375 509 1431 Catuli
562 1372 851 1432 civitatem
890 1370 1176 1432 adsecutus
1218 1369 1254 1432 f.

64 1451 146 1511 Et
173 1452 306 1511 hinc
335 1451 464 1532 post
506 1452 719 1512 Sullam
748 1468 903 1513 tanta
944 1452 1256 1512 multitudo

65 1535 422 1593 Corneliorum
462 1532 617 1605 fuit3
678 1554 811 1593 cum
854 1533 1108 1613 plurimis
1145 1533 1259 1614 ipsc

0 1636 2 1694 ξ
65 1614 356 1673 civitatem
396 1613 624 1673 dedisset
659 1625 702 1672 ἔ.
786 1614 1091 1695 Postquam
1120 1636 1259 1674 vero

0 1713 1 1723 ³
64 1694 123 1754 in
152 1694 290 1753 orbe
331 1696 640 1770 Romam,
683 1693 966 1776 quisunt,
1009 1715 1082 1753 cx
1113 1715 1259 1754 con-

68 1774 360 1834 stitutione
402 1776 765 1856 Imperatoris
807 1775 1087 1835 Antonini
1114 1776 1266 1836 cives

71 1856 326 1917 Romani
353 1854 541 1916 effecti
567 1855 692 1916 sunt
720 1860 744 1896 ¹¹
785 1855 855 1915 de
883 1856 1150 1937 cujusque
1179 1878 1265 1914 ar-

67 1935 241 1997 bitrio
296 1938 525 1998 nomina
575 1935 702 1998 sunt
755 1936 975 2017 sumpta
1000 1980 1020 2012 ‚
1077 1938 1155 1996 ita
1193 1956 1261 1996 ut

638 2021 708 2081 N
737 2040 777 2080 n
817 2038 861 2098 4
1099 2016 1266 2098 plane

77 2162 104 2197 a
135 2151 224 2200 Cic.
248 2153 312 2198 ad
332 2158 433 2200 Att.
457 2167 530 2200 Π.
554 2155 699 2213 πέπς.
757 2150 809 2210 ‚b
841 2150 935 2201 vid.
960 2150 1049 2199 Cic.
1071 2158 1121 2199 L.
1156 2166 1198 2201 1.
1223 2150 1270 2198 in

145 2224 261 2266 Verr.
293 2234 326 2265 c.
347 2231 423 2274 47.
463 2219 594 2277 Sigon.
621 2216 671 2262 de
703 2227 798 2267 ant.
818 2215 913 2274 jur.
945 2221 1067 2261 Rom.
1099 2221 1150 2261 L.
1180 2229 1214 2260 1·
1237 2230 1275 2261 c.

144 2281 190 2327 6.
283 2295 308 2328 c
368 2280 460 2327 Vid.
494 2280 596 2339 Jul.
643 2278 762 2338 Cael:
799 2278 848 2324 de
878 2283 926 2323 B·
961 2283 1016 2324 G.
1059 2293 1098 2325 1.
1130 2294 1166 2323 c.
1196 2290 1275 2334 47.

147 2344 178 2392 d
208 2345 299 2393 Cic.
332 2344 488 2392 famil.
522 2356 656 2390 x111·
693 2360 737 2391 n.
768 2356 842 2401 25·
869 2340 966 2404 sqq·
1043 2355 1071 2388 e
1101 2340 1222 2398 Caes.
1242 2340 1276 2390 Ι.

138 2422 258 2471 prox·
284 2408 325 2457 d.
389 2407 414 2455 f
440 2407 529 2456 Cic.
547 2407 593 2456 in
617 2412 732 2456 Verr.
762 2412 814 2454 L.
839 2419 913 2452 κν.
935 2420 969 2450 c.
991 2416 1062 2462 17.
1123 2417 1155 2466 g
1185 2404 1278 2452 Cic.

139 2484 218 2536 pro
251 2470 422 2520 Cor-nel.
460 2486 502 2520 1.
527 2482 568 2534 p.
604 2470 713 2533 967.
742 2469 808 2517 ed.
843 2473 1002 2517 Graev.
1041 2472 1156 2529 App.
1197 2467 1278 2515 Al.

141 2535 247 2651 ῗὲυ·
294 2542 345 2587 L.
378 2550 422 2602 ι,
447 2551 494 2587 n.
523 2548 635 2600 413.
724 2533 759 2586 h
809 2538 864 2596 L·
898 2531 1050 2598 aff.
1076 2534 1125 2583 de
1153 2529 1280 2599 statu

180 2614 265 2651 Om-
