1721 2933
569 91 1108 159 INnEx

99 193 304 265 Regina
331 191 468 246 diota
501 207 633 247 uxor
662 194 795 264 regis
819 196 1014 250 factor.
1489 219 1604 274 334·

98 264 328 333 Regium
360 264 638 329 imperium
669 265 971 318 consulum.
1486 275 1587 340 94*

95 333 396 404 Regnatum
421 334 630 386 Romae
655 335 925 397 quamdin.
1503 357 1582 411 ,93
1646 371 1647 374 κ

94 402 283 474 Regna
311 405 416 457 vitii
449 421 582 470 quae
609 404 745 455 dicat
777 405 1049 460 Horatius.
1473 423 1573 480 523
1661 439 1664 446 =

95 473 309 544 Regum
335 476 563 542 insignia.
1508 496 1577 546 92

273 547 469 597 munia.
1452 547 1577 601 ibid.

90 611 307 666 Relatio
338 615 399 666 ad
435 613 686 666 Senatum
719 617 999 681 quomodo
1027 618 1189 670 fieret.
1348 663 1356 666 .
1510 634 1576 689 32.

89 683 333 751 Relegati
364 686 540 737 mitior
568 701 736 751 poena
765 701 923 751 quam
953 689 1142 740 exulis.
1473 704 1579 758 244

89 754 340 822 Religiofi
372 757 478 806 dies
507 772 536 806 a
562 754 765 807 nefastis
801 756 1000 810 diverfi.
1466 771 1572 825 390

89 823 230 878 Rem
259 837 421 877 ratam
446 827 617 877 haberi
639 826 922 879 satisdatio.
1471 827 1571 894 198
1659 835 1663 843 “

88 895 521 964 Repetundarum
548 895 810 960 judicium
837 896 981 964 quod
1001 896 1174 951 fuerit.
1467 899 1572 953 206
1660 911 1669 917 ·

87 964 317 1034 Repotia
346 981 478 1032 quae
511 966 723 1019 fuerint.
1257 1021 1260 1023 Α
1465 982 1573 1035 549

85 1034 393 1103 Repudium
422 1035 545 1102 quid
572 1035 647 1087 fit.
1464 1052 1572 1102 550

81 1104 195 1159 Res
224 1109 488 1173 prolatae,
524 1106 772 1155 vacantie.
1467 1106 1570 1174 389
1613 1133 1619 1136 -
1658 1139 1662 1144 -

84 1175 196 1230 Res
227 1175 425 1230 rediiss‘e
452 1176 659 1242 quando
688 1176 945 1230 dicantur.
1443 1175 1567 1230 ibid.

33 1282 38 1286 «
81 1246 371 1301 Restitutio
403 1248 454 1297 in
485 1248 746 1313 integrum
774 1262 964 1312 quael
933 1246 1005 1300 fit.
1461 1263 1584 1317 203

81 1316 306 1371 Retiarii
335 1317 684 1384 gladiatorum
714 1331 897 1384 geuuS.
1458 1332 1564 1386 417

81 1389 207 1444 Rex
237 1389 555 1451 sacrorum,
604 1387 704 1441 five
730 1401 823 1438 tex
850 1386 1171 1442 sacrificulus
1197 1385 1312 1456 quis
1346 1385 1479 1442 fueri
1468 1400 1524 1440 t.

79 1528 406 1583 Rhamnusia
427 1526 610 1579 eadem
633 1542 763 1593 quae
788 1524 1050 1580 Nemesis.
1462 1474 1566 1598 {ii

80 1600 233 1654 Rhea
260 1599 383 1666 quid
419 1598 765 1666 significatum
791 1597 983 1668 fuerit.
1459 1612 1564 1664 270

79 1680 711 1792 -·-·‘1ffi3.g.¹¹?1>¹¹22355a.
1432 1669 1561 1793 3323:

78 1839 219 1853 --—-
261 1808 375 1876 Ops
405 1810 546 1861 unde
572 1808 726 1860 die‘ta.
1435 1807 1559 1861 ibid.

252 1879 529 1945 quomodo
553 1879 865 1945 pingeretur.
1456 1892 1556 1945 271
1655 1900 1664 1906 ·

254 1950 432 2018 Sylvia
463 1965 594 2015 quae
617 1950 801 2001 eadem
825 1948 937 2001 ilia.
1334 1992 1363 2013 ‚-
1406 1954 1414 1958 ”
1526 1964 1557 2018 3

75 2019 315 2088 Robigus
347 2018 511 2072 Deus.
1454 2034 1556 2088 307

75 2090 264 2143 Robur
292 2094 442 2142 locus
472 2089 524 2139 in
554 2105 775 2142 carcere.
1451 2104 1555 2156 224

74 2159 377 2226 Rogatores
405 2162 455 2212 in
487 2161 717 2212 comitiis
748 2157 836 2228 qui
862 2156 1067 2211 fuerint.
1489 2159 1560 2223 76
1655 2225 1659 2230 Ι

73 2229 260 2297 Rogus
293 2231 407 2296 quis
437 2228 611 2281 fuerit.
1451 2242 1553 2297 593

74 2299 257 2353 Roma
281 2317 374 2367 pro
404 2298 536 2352 Dea.
1443 2312 1554 2365 309

73 2397 218 2413 υ-
255 2371 464 2435 quando
494 2368 725 2426 condita.
1517 2381 1552 2431 5

255 2440 396 2490 unde
424 2436 576 2492 dicia.
1452 2435 1549 2502 5.8

71 2508 309 2566 Romilia
329 2509 506 2563 tribus.
1487 2521 1505 2555 1
1519 2521 1549 2557 2

1425 2571 1540 2642 Rof
