1690 2933
415 100 463 154 -6
730 79 1361 156 COMPENDIUM'

418 213 561 252 cum
588 193 648 251 in
676 194 894 271 Judaea
921 193 1045 272 pius
1059 194 1198 253 Rex
1213 194 1442 272 Jotham
1456 195 1621 275 quin'-

421 288 551 333 tum
588 277 708 354 jam
750 293 962 332 annum
1004 294 1246 355 regnum
1302 275 1618 336 obtineret:

421 358 586 435 juxta
614 357 884 414 aliosvero
913 374 1030 413 uno
1057 375 1205 415 anno
1233 354 1415 416 serius.
1473 368 1494 394 ³
1526 357 1619 416 Eo

415 428 683 517 ‘tempore
721 435 1011 496 Romulus
1052 437 1244 496 aetatis
1284 459 1495 497 annum
1522 436 1620 497 de-
1681 449 1683 456 ⁴

421 518 640 576 cimum
681 516 947 577 oelavum
988 516 1206 599 agebat.
1289 520 1462 594 Dies9
1505 539 1621 598 quo

424 597 584 663 Urbs
628 597 860 657 condita
901 598 982 657 est
1008 641 1029 673 9
1084 597 1194 657 fuit
1233 619 1332 658 XI.
1379 597 1622 658 Kalend.

429 680 583 755 Aldciji
595 707 616 750 3
662 679 687 718 ι’
715 680 811 757 qui
837 677 952 738 dies
979 680 1189 737 Palilia
1213 701 1246 738 a
1272 681 1412 739 Pale
1437 677 1623 760 pasto-

430 779 560 818 rum
590 761 718 820 Dea
730 804 751 836 9
792 760 885 818 cui
912 775 1039 818 tum
1077 757 1226 818 sacra
1251 757 1495 836 fiebant,
1540 759 1626 818 di·
1689 760 1690 764 ’

433 838 705 915 cebatu1⁴3
750 841 812 900 &
839 840 1033 922 postea
1069 838 1286 921 semper
1326 838 1494 899 festus
1519 839 1629 899 fuit

433 920 658 980 habitus
688 937 728 982 ⁶.
809 921 977 982 Urbe
1029 921 1108 980 ita
1162 919 1392 979 condita
1418 965 1439 997 9
1495 940 1632 980 cum

438 1003 729 1063 Romulus
756 1001 827 1062 de
854 1001 1039 1062 forma
1078 1003 1364 1084 regiminis
1405 1001 1475 1060 ad
1516 1002 1632 1060 Po·
1689 1059 1690 1080 ἢ

441 1083 645 1164 pulum
674 1084 942 1144 retulisset
968 1128 988 1160 9
1033 1083 1328 1142 communi
1372 1082 1634 1142 omnium
1689 1084 1690 1096 ²

441 1163 708 1224 consensu
734 1167 1010 1246 Regnum
1042 1165 1091 1222 ei
1106 1164 1187 1223 est
1200 1164 1449 1222 delatum
1464 1208 1484 1240 9
1501 1184 1635 1244 cap-

445 1243 623 1325 tisque
653 1249 805 1327 prius
834 1248 940 1305 rite
967 1243 1070 1305 aus
1100 1246 1217 1304 iciis
1246 1246 1384 1304 Rex
1410 1243 1519 1302 fuit
1548 1265 1634 1302 re-

446 1328 741 1387 nunciatus
769 1356 790 1400 3
835 1325 991 1407 quod
1031 1264 1232 1385 diemde
1272 1324 1489 1405 semper
1529 1323 1638 1384 ser-

444 1421 642 1466 vatum
684 1409 767 1468 est
793 1407 855 1485 <¹9
909 1428 981 1467 ne
1022 1407 1158 1487 quid
1199 1406 1427 1488 publice
1454 1449 1476 1482 9
1534 1403 1640 1465 nisi

446 1492 610 1564 captis
636 1491 907 1568 auspiciis,
949 1503 1253 1570 gereretur.

529 1568 622 1627 Ut
658 1591 795 1629 vero
835 1569 1260 1628 multitudinem
1301 1569 1514 1629 civium
1542 1588 1640 1626 au-

445 1665 610 1728 geret
648 1650 935 1711 Romulus
961 1695 983 1728 9
1037 1652 1184 1710 inter
1221 1650 1538 1709 Palatinum
1581 1648 1644 1708 Sc

440 1733 804 1806 Capitolinam
830 1747 1089 1791 montem
1103 1731 1323 1809 Asplum
1348 1730 1565 1809 aperuit
1595 1741 1644 1800 03

456 1810 612 1886 quod
637 1812 865 1892 patebat
891 1811 1054 1873 servis
1083 1811 1334 1892 fugitivis
1350 1854 1371 1887 9
1416 1811 1644 1870 obaera-

456 1891 526 1947 tis
582 1893 644 1951 &
698 1892 966 1954 maleficis
992 1893 1012 1932 f
1039 1915 1053 1951 :
1109 1891 1402 1951 dicebatur
1455 1908 1647 1951 autem

454 1971 678 2048 Alfium
718 1975 788 2034 ab
830 1998 868 2034 oo
908 1974 1189 2056 piivativo
1233 1973 1294 2033 &
1334 1972 1513 2034 verbo
1556 1974 1658 2029 συ-’

1535 2054 1651 2112 λοῖω

454 2184 481 2218 a
516 2177 564 2217 V.
607 2171 726 2231 Pigh.
757 2175 882 2218 Ann.
917 2177 1041 2218 Rom.
1083 2175 1134 2218 T.
1166 2184 1205 2218 1.
1229 2180 1275 2231 p.
1312 2184 1383 2218 11.
1414 2167 1560 2229 Scalig.
1602 2170 1650 2217 de

519 2236 678 2284 emend.
716 2246 843 2296 temp.
888 2243 935 2283 L.
957 2251 1003 2283 v.
1025 2246 1067 2296 p.
1094 2232 1199 2296 385.
1226 2234 1287 2279 ed.
1319 2240 1479 2279 Genev.
1519 2233 1652 2294 1629.

519 2299 548 2344 b
580 2300 697 2345 Plus.
732 2297 898 2347 Romul.
922 2311 966 2358 p.
1000 2315 1059 2343 m.
1085 2311 1162 2359 23.
1191 2303 1242 2343 E.
1307 2311 1332 2344 c
1364 2303 1549 2355 propert.
1575 2311 1650 2344 ιν.

443 2399 446 2403 .
522 2362 590 2408 El.
610 2377 654 2420 4.
684 2363 748 2422 vs.
772 2374 846 2423 73.
912 2362 943 2410 d
973 2363 1102 2407 Dion.
1127 2360 1229 2408 Hal.
1259 2373 1328 2408 11.
1357 2377 1392 2410 c.
1415 2360 1462 2410 6.
1491 2360 1578 2406 Cic.
1601 2360 1650 2406 de

523 2426 683 2472 Divin.
709 2434 759 2476 L.
789 2442 828 2474 1.
851 2442 887 2473 c.
914 2426 982 2472 16.
1047 2439 1073 2472 e
1107 2425 1170 2472 Id.
1207 2438 1276 2471 11.
1307 2441 1341 2470 c.
1371 2438 1440 2485 ις.
1473 2425 1574 2470 Liv.
1605 2439 1647 2471 1.

519 2505 551 2534 c.
578 2487 623 2542 8.
693 2491 719 2537 f
747 2491 857 2552 Virg.
890 2502 1031 2541 vul.
1063 2488 1128 2551 νβ
1163 2501 1267 2550 342.
1297 2487 1471 2548 Juvm.
1507 2500 1648 2536 v111.

517 2553 585 2616 vs
606 2567 713 2614 272..
