1794 2933
345 91 714 164 ANTIQHT.
755 85 1034 149 ROMAN.
1189 109 1307 172 213

104 189 299 249 locum
329 189 599 266 Praetor,
641 187 733 249 vel
753 187 944 265 Judex
972 185 1309 269 quaestionis

95 268 228 328 alios
256 269 675 349 subsortiebatur
715 282 765 327 ²:
813 269 871 327 in
909 269 1131 350 judicio
1160 291 1300 330 vero

6 391 8 393 .
54 394 61 397 -
93 351 532 430 repetundarum
561 371 632 409 ex
661 350 787 430 lege
818 352 1054 410 Servilia
1082 351 1105 388 b
1134 349 1294 412 actor

93 451 167 489 ex
199 432 616 513 quadringentis
646 432 706 489 &
750 431 1155 512 quinquaginta
1192 434 1288 510 ju-

90 510 308 571 dicibus
363 512 564 571 edebat
621 529 853 570 centum
883 555 902 587 ,
959 533 1030 570 ex
1086 511 1290 594 quibus

89 612 214 650 reus
284 595 690 674 quinquaginta
744 593 975 673 rejicere
1048 608 1291 673 poterat.

89 674 310 750 Judices
351 679 503 734 citati
547 681 567 751 (
583 672 683 732 nifi
713 694 783 732 ex
819 671 980 753 justis
1022 672 1212 733 cauffis
1237 672 1292 734 se

89 754 482 828 excusassent)
528 757 792 833 jurabant
829 767 849 793 0
876 797 896 829 ,
954 752 1005 811 se
1053 775 1124 813 ex
1166 754 1294 836 lege

87 833 452 971 {judicaturos
512 837 670 895 Hinc
693 837 811 914 jam
844 833 1023 892 cauffa
1052 856 1286 916 perage·

131 935 254 974 atur
293 919 642 998 accusatione,
686 915 747 974 &
788 915 1086 994 defhnstone.
1170 921 1284 976 Ac-

59 996 281 1072 ‘cuscztr'o
325 999 569 1057 maxime
611 997 895 1056 nitebatur
935 997 1235 1073 testimoniis
1260 1041 1282 1073 ‚

86 1096 229 1154 quae
268 1078 400 1155 sunt
454 1081 774 1156 probationes
831 1082 967 1136 artis
1008 1091 1236 1154 expertes
1262 1105 1287 1149 3
1355 1085 1358 1089 ’

72 1152 302 1235 fimtque
332 1164 572 1238 triplices.
632 1160 826 1218 Primo
842 1202 861 1234 ‚
906 1159 1286 1241 Quaestione&

88 1235 202 1296 five
230 1241 516 1317 testimonia
532 1262 566 1299 a
581 1240 759 1319 fhrvis
785 1242 1056 1298 tormentis
1084 1240 1289 1318 expres-

69 1318 144 1395 sa
173 1317 195 1355 d
210 1346 229 1390 3
263 1321 417 1400 quod
443 1339 633 1381 tamen
663 1336 863 1380 contra
891 1320 1150 1379 dominos
1164 1341 1285 1380 non

26 1462 27 1466 ,
85 1398 325 1476 licebat,
369 1403 470 1461 nifi
498 1405 556 1462 in
598 1402 776 1461 caussa
816 1402 1055 1461 incestus
1093 1414 1146 1476 e,
1189 1399 1281 1460 vel

89 1483 510 1562 conjurationis,
595 1483 893 1560 Secund0‚
940 1482 1139 1560 Testes,
1184 1484 1282 1563 qui
1348 1512 1352 1518 ·

80 1560 364 1632 ⁶debebant
406 1565 512 1623 esse
554 1565 811 1624 homines
855 1564 1014 1624 liberi
1057 1563 1118 1621 ὃς
1160 1584 1279 1623 non

84 1642 317 1706 infames
358 1645 414 1704 f:
489 1662 756 1726 erantque
794 1647 884 1704 vel
940 1647 1279 1720 voluntarii,

76 1723 177 1783 ‚vel
202 1728 365 1785 inviti
392 1740 451 1803 g,
494 1726 694 1808 quibus
723 1747 795 1785 ex
827 1726 951 1807 lege
991 1723 1281 1785 accusator

88 1802 472 1866 testimonium
530 1807 865 1867 denunciare
934 1821 1157 1887 poterat
1202 1806 1275 1864 ¹²:

87 1884 310 1965 utrique
349 1893 536 1948 autem
563 1890 744 1966 jurati
769 1887 1159 1947 testimonium
1186 1885 1274 1944 di-

87 1962 291 2024 cebant
305 1994 327 2038 3
370 1969 518 2028 unde
561 1970 731 2028 etiam
758 1970 1031 2046 juratores
1071 1967 1271 2027 dicun-

502 2048 505 2052 ⁴
733 2050 794 2109 O
837 2070 875 2130 5
1163 2063 1276 2106 tur.

84 2193 112 2225 a
146 2181 299 2238 Ascon.
320 2181 366 2228 in
390 2189 504 2230 Verr.
527 2181 553 2228 l.
575 2182 617 2228 d.
636 2197 688 2234 &¹
708 2182 785 2242 ipse
803 2181 893 2231 Cic.
915 2182 1022 2227 An.
1042 2180 1135 2227 nin
1158 2187 1275 2229 Verr-

144 2258 177 2287 c·
200 2260 266 2294 10.
310 2247 337 2292 b
373 2248 464 2292 vid.
491 2247 623 2306 Sigon.
649 2247 696 2292 de
715 2247 840 2302 judic.
859 2260 873 2290 ι
889 2255 927 2291 1.
950 2261 983 2290 c.
1005 2256 1082 2301 27.
1127 2257 1151 2290 c
1174 2244 1273 2289 Vid.

71 2352 75 2356 .
144 2307 275 2355 Cicer.
301 2309 464 2356 Lucull.
489 2310 597 2369 νιν-β
610 2310 694 2367 fin.
717 2325 769 2359 (9¹
790 2307 904 2354 Phil.
929 2323 1018 2354 v.c.
1042 2323 1083 2367 5.
1148 2305 1176 2353 d
1209 2305 1276 2354 Id.

145 2380 218 2427 pro
236 2372 406 2422 cluent.
429 2390 462 2420 c.
484 2373 559 2433 63.
624 2388 650 2419 e
682 2375 773 2424 Cic.
783 2384 857 2432 pro
881 2370 981 2417 Mil.
1003 2386 1037 2415 c.
1066 2385 1140 2415 22.
1163 2371 1272 2419 &in

140 2436 291 2492 partin
308 2453 340 2484 c.
367 2450 440 2496 34.
520 2439 545 2484 f
573 2436 604 2487 l.
631 2451 672 2498 3.
688 2449 754 2498 pr.
765 2434 818 2498 ff
839 2434 886 2480 de
906 2434 1033 2492 testib.
1119 2447 1149 2493 g
1183 2433 1209 2478 l.
1231 2448 1278 2491 4.

143 2495 195 2556 ff.
224 2499 307 2546 eod.
345 2502 432 2547 Vid.
455 2500 483 2546 1.
517 2515 588 2561 19.
621 2507 722 2547 Cod.
757 2502 804 2546 de
833 2498 919 2557 test.
1016 2497 1048 2544 h
1090 2498 1178 2544 Cic.
1208 2507 1283 2560 pro

69 2563 71 2565 ’
96 2580 101 2583 ·
151 2559 261 2621 Rosc.
287 2567 442 2616 Amet.
467 2580 500 2612 c.
525 2562 598 2626 38.
619 2579 672 2616 <7¹
694 2565 740 2615 in
778 2570 892 2634 γεω
911 2567 960 2611 L.
988 2575 1028 2611 ι.
1051 2575 1088 2608 c.
1111 2575 1162 2622 9.
